3096 4962
426 373 475 432 ΑΙ)
504 371 699 432 ERNESTUM
721 370 1047 432 wlmsmuauuull.
1234 381 1307 432 xxv

178 555 353 640 sopotamia
374 566 404 622 et
423 556 585 631 Armenia,
613 555 653 618 de
675 553 823 617 Thraciae
845 562 937 633 gente
962 556 1139 634 Mysorum,
1171 553 1306 634 denique

178 661 218 722 de
240 660 344 724 ltaliae
365 658 517 724 inlerioris
542 657 667 736 ingenio
694 664 725 718 et
745 659 824 719 ireto
848 657 952 719 Siculo
975 655 1087 718 tradita
1109 660 1263 734 leguntur.

263 767 325 826 lam
357 765 385 828 si
412 779 561 842 quaeras,
597 761 639 822 mi
665 762 926 834 Wuestemanne,
963 777 1024 838 quo
1056 758 1163 822 ordine
1196 777 1248 823 res
1274 760 1304 823 iu

178 867 307 947 singulis
338 866 546 930 Historiarum
579 863 663 926 libris
701 881 737 926 se
773 861 968 941 exceperint,
1003 863 1214 926 confitendum
1248 870 1306 938 est,

177 973 238 1034 hoc
262 957 323 1034 tale
352 987 439 1046 esse,
465 977 499 1033 ut
525 970 608 1032 nullo
638 968 733 1029 modo
760 965 905 1028 constitui
939 973 970 1028 et
995 966 1035 1027 ad
1061 964 1209 1044 liquidum
1238 983 1308 1046 per-

178 1073 248 1136 duoi
269 1073 380 1152 possit.
425 1071 631 1149 Quamobrem
655 1070 685 1131 in
709 1071 767 1132 hac
789 1068 914 1146 quidem
935 1086 970 1131 re
992 1069 1172 1132 necessario
1192 1068 1307 1147 aliquid

178 1179 226 1238 vel
250 1175 336 1238 casui
354 1175 405 1236 vel
422 1173 549 1237 editoris
572 1173 697 1236 arbitrio
721 1173 956 1235 concedendum
979 1179 1037 1234 cst.
1081 1174 1172 1247 Narn,
1197 1179 1231 1234 ut
1247 1173 1308 1236 boc

177 1285 262 1352 utar,
289 1285 393 1339 utrum
421 1275 586 1339 Sallustius
614 1275 738 1338 tertium
764 1275 874 1338 librum
899 1291 918 1334 a
943 1274 1026 1337 bello
1049 1273 1228 1338 Sertoriano
1258 1293 1309 1338 ex-

179 1395 271 1442 orsus
290 1377 344 1451 sit,
372 1377 462 1454 eique
478 1377 731 1450 Mithridaticum,
755 1384 821 1438 turn
838 1376 1091 1451 Macedonicum,
1111 1377 1223 1440 deinde
1239 1381 1309 1442 Cre-

181 1479 289 1552 ticum,
309 1475 444 1554 denique
461 1479 574 1541 servile
595 1476 762 1540 subiecerit
784 1483 878 1553 atque
901 1484 1039 1540 extremo
1063 1481 1133 1540 loco
1153 1480 1192 1540 de
1214 1480 1308 1542 rebus

178 1579 305 1644 urbanis
336 1580 447 1657 egerit,
479 1597 518 1642 an
549 1580 608 1644 alio
640 1579 750 1643 ordine
776 1581 853 1641 haec
875 1577 1024 1656 deinceps
1057 1579 1248 1654 tractaverit,
1279 1581 1310 1642 id

179 1703 309 1763 prorsus
335 1682 486 1746 incertum
508 1689 571 1757 est,
595 1699 697 1760 neque
716 1682 822 1761 dispar
841 1681 1027 1744 relicuorum
1049 1683 1197 1746 librorum
1219 1682 1308 1746 ratio.

178 1789 278 1866 Quare
306 1786 378 1848 nillil
409 1785 606 1864 relinquitur,
630 1803 723 1863 quam
748 1792 782 1848 ut
811 1787 851 1848 ad
874 1786 977 1864 capita
1000 1787 1151 1864 quaedam
1174 1789 1309 1850 releren-

178 1897 227 1954 tur
243 1890 429 1966 Fragmenta
451 1891 491 1952 ad
514 1891 645 1952 eandem
667 1879 944 1967 ren'spectantia,
967 1907 1029 1966 quo
1053 1890 1113 1954 lroc
1130 1895 1213 1952 certe
1235 1905 1308 1952 con-

177 1991 350 2070 sequimur,
373 1998 419 2066 ut,
438 2009 518 2072 quae
541 1993 679 2054 eiusdem
697 1999 770 2054 sunt
787 1992 974 2074 argumenti,
998 1990 1185 2056 coniunctim
1206 1995 1308 2071 legan-

179 2079 334 2171 tur,lioet
363 2091 502 2171 ipsorum
530 2094 664 2171 capilum
685 2095 763 2156 ordo
783 2094 952 2172 ignoretur.
998 2097 1140 2158 Ceterum
1162 2094 1191 2156 in
1214 2097 1309 2160 rebus

177 2196 358 2260 enarrandis
385 2213 453 2258 eam
479 2195 630 2258 rationem
659 2196 758 2258 tenuit
785 2196 971 2271 Sallustius,
994 2204 1028 2258 ut
1049 2196 1150 2272 varia,
1181 2199 1221 2260 de
1244 2200 1309 2275 qui-

176 2302 235 2362 bus
263 2298 341 2376 egit,
369 2299 451 2358 bella
480 2304 573 2374 atque
602 2315 653 2359 res
676 2298 760 2360 domi
781 2305 887 2375 gestas
909 2315 988 2372 non,
1021 2297 1065 2360 uti
1101 2317 1170 2362 mos
1193 2302 1250 2363 luit
1276 2301 1308 2364 in

177 2400 362 2486 annalibus,
375 2398 503 2476 carptim
524 2417 581 2476 per
611 2398 751 2477 singulos
773 2417 873 2466 annos
890 2401 1059 2480 digereret,
1087 2401 1202 2480 quippe
1222 2406 1308 2481 quod

176 2525 238 2568 non
262 2503 350 2566 aliter
370 2499 527 2579 potuisset
548 2499 630 2577 lieri,
654 2521 747 2581 quam
770 2503 797 2566 si
820 2521 860 2566 ex
881 2522 999 2568 unare
1022 2504 1052 2567 in
1075 2508 1204 2568 alteram
1226 2515 1307 2571 tran·

177 2595 281 2672 siliens
315 2607 345 2668 in
381 2601 519 2665 cuiusvis
547 2604 618 2665 anni
645 2607 707 2668 line
740 2605 940 2681 subsisteret,
973 2607 1108 2686 indeque
1140 2625 1305 2686 regressus

176 2712 308 2773 eundem
342 2723 467 2774 cursum
499 2705 528 2768 in
553 2708 697 2784 proximo
726 2726 852 2786 quoque
878 2711 981 2773 denuo
1011 2709 1224 2787 exordiretur,
1261 2721 1305 2793 ut,

177 2820 254 2890 quot
273 2828 373 2874 annos
398 2825 495 2886 opere
517 2827 574 2872 suo
598 2812 780 2888 complexus
803 2819 903 2888 esset,
930 2812 960 2874 in
981 2813 1110 2874 totidem
1133 2815 1198 2876 iere
1212 2815 1305 2893 parti·

176 2917 379 2977 culas'totum
397 2917 611 2986 argumentum
623 2911 803 2974 dissecaret.
838 2915 905 2990 Qua
922 2913 1024 2981 ieiuna
1049 2915 1187 2992 priorum
1209 2917 1307 2995 scrip-

174 3022 278 3079 torum
307 3009 534 3074 consuetudine
558 3009 681 3086 relicta,
710 3029 761 3074 res
786 3031 847 3076 non
880 3017 1052 3078 secundum
1084 3016 1224 3094 singulos
1250 3037 1304 3080 an-

175 3139 235 3184 nos
259 3114 427 3194 disposuit,
455 3113 512 3174 sed
541 3130 597 3191 pro
622 3114 773 3190 cuiusque
794 3115 865 3176 belli
888 3114 1008 3178 ratione
1031 3118 1234 3192 complurium
1255 3137 1306 3182 an·

175 3241 287 3286 norum
322 3237 374 3282 res
400 3222 521 3294 gestas,
545 3221 611 3277 arte
640 3216 720 3278 inter
747 3235 782 3280 se
811 3217 1033 3293 cohaerentes,
1063 3218 1209 3281 condona
1239 3237 1307 3282 nar-

176 3326 295 3390 ratione
324 3336 426 3398 usque
453 3319 494 3379 ad
523 3335 593 3379 eum
619 3321 722 3382 locum
753 3320 895 3395 deduxit,
927 3321 980 3384 ubi
1003 3322 1168 3387 commode
1197 3330 1307 3400 posset

176 3426 319 3500 subsisti,
353 3441 415 3501 quo
442 3422 503 3482 hoe
533 3429 723 3485 consecutus
751 3432 814 3498 est,
846 3430 882 3486 ut
906 3423 1035 3502 singulis
1057 3425 1146 3488 bellis
1168 3425 1198 3487 in
1225 3443 1307 3488 com-

176 3531 287 3594 modas
303 3533 421 3606 partos,
450 3541 527 3602 quas
550 3542 602 3586 res
624 3525 694 3603 ipsa
711 3525 853 3601 offerret,
876 3525 983 3588 diuisis
1005 3530 1098 3604 plana
1119 3535 1212 3606 atque
1232 3529 1307 3592 dilu-

176 3633 247 3696 cida
267 3647 370 3692 rerum
393 3634 550 3704 gestarum
572 3627 673 3706 imago
700 3629 867 3692 lectoribus
890 3626 1099 3692 exhiberetur.
1145 3632 1229 3708 Quae
1260 3650 1306 3694 ar-

175 3732 313 3814 gumenti
334 3728 497 3808 dispositio
522 3747 592 3790 cum
626 3749 689 3794 non
711 3739 822 3808 posset
843 3731 958 3808 ubique
977 3745 1047 3792 cum
1067 3749 1219 3796 annorum
1245 3734 1306 3797 ime

176 3851 364 3914 congruere,
398 3851 436 3894 eo
460 3833 660 3914 factumest,
685 3841 720 3895 ut
741 3851 804 3895 non
836 3851 944 3895 omnes
966 3833 1119 3896 bellorum
1137 3836 1306 3915 expositio·

177 3957 232 4002 nes
255 3938 367 4000 eodem
390 3933 467 3996 libro
487 3941 652 3997 contentae
672 3943 771 3998 totum
786 3953 937 3998 annorum
960 3936 1107 4014 spatium,
1131 3955 1211 4013 quos
1230 3938 1307 4000 liber

177 4037 405 4118 complectitur,
439 4039 600 4114 expleant,
639 4037 696 4099 sed
723 4040 825 4100 modo
843 4039 923 4102 illius
952 4040 1030 4101 lines
1057 4056 1120 4101 non
1146 4037 1305 4127 attingant,

176 4143 268 4204 modo
293 4157 349 4202 eos
373 4137 648 4216 transgrediantur.
694 4142 784 4217 Quod
808 4142 899 4218 quale
921 4139 975 4215 sit,
1000 4139 1152 4218 exemplis
1174 4143 1304 4202 nonnul·

126 4271 131 4275 ·
176 4240 212 4303 lis
237 4241 410 4304 illustrabo.
454 4240 545 4303 Liber
572 4239 689 4318 primus
724 4260 910 4320 quamquam
942 4242 974 4303 in
998 4241 1178 4304 universum
1204 4257 1304 4302 annos

174 4340 225 4404 78.
251 4349 283 4404 et
309 4344 359 4403 77.
392 4343 621 4420 complectitur,
659 4342 856 4408 nihilominus
894 4343 1007 4421 -Lepidi
1045 4341 1211 4412 tumultus,
1253 4353 1305 4400 ex·
