<?xml version="1.0" encoding="UTF-8"?>
<!DOCTYPE html PUBLIC "-//W3C//DTD XHTML 1.0 Transitional//EN"
    "http://www.w3.org/TR/xhtml1/DTD/xhtml1-transitional.dtd">
<html xmlns="http://www.w3.org/1999/xhtml" xml:lang="en" lang="en">
 <head>
  <title>
</title>
<meta http-equiv="Content-Type" content="text/html;charset=utf-8" />
  <meta name='ocr-system' content='tesseract 3.04.00' />
  <meta name='ocr-capabilities' content='ocr_page ocr_carea ocr_par ocr_line ocrx_word'/>
</head>
<body>
  <div class='ocr_page' id='page_1' title='image "./csallusticrispi04sallgoog_0286.png"; bbox 0 0 3102 4956; ppageno 0'>
   <div class='ocr_carea' id='block_1_1' title="bbox 249 335 993 411">
    <p class='ocr_par' dir='ltr' id='par_1_1' title="bbox 249 335 993 411">
     <span class='ocr_line' id='line_1_1' title="bbox 249 335 993 411; baseline 0.009 -10"><span class='ocrx_word' id='word_1_1' title='bbox 249 335 312 401; x_wconf 78' lang='lat'>238</span> <span class='ocrx_word' id='word_1_2' title='bbox 630 348 661 408; x_wconf 87' lang='lat' dir='ltr'>C.</span> <span class='ocrx_word' id='word_1_3' title='bbox 684 349 857 411; x_wconf 81' lang='lat' dir='ltr'>SALLUSTI</span> <span class='ocrx_word' id='word_1_4' title='bbox 879 351 993 410; x_wconf 74' lang='lat' dir='ltr'>cluse}</span> 
     </span>
    </p>
   </div>
   <div class='ocr_carea' id='block_1_2' title="bbox 352 534 1222 630">
    <p class='ocr_par' dir='ltr' id='par_1_2' title="bbox 352 534 1222 630">
     <span class='ocr_line' id='line_1_2' title="bbox 352 534 1222 630; baseline 0.002 -22"><span class='ocrx_word' id='word_1_5' title='bbox 352 541 404 608; x_wconf 82' lang='lat'>58.</span> <span class='ocrx_word' id='word_1_6' title='bbox 446 534 572 610; x_wconf 80' lang='lat' dir='ltr'><strong>Vestes</strong></span> <span class='ocrx_word' id='word_1_7' title='bbox 595 539 637 610; x_wconf 87' lang='lat' dir='ltr'>dc</span> <span class='ocrx_word' id='word_1_8' title='bbox 657 538 801 630; x_wconf 89' lang='lat' dir='ltr'>pellibus</span> <span class='ocrx_word' id='word_1_9' title='bbox 820 561 964 614; x_wconf 90' lang='lat' dir='ltr'>renones</span> <span class='ocrx_word' id='word_1_10' title='bbox 984 542 1158 614; x_wconf 84' lang='lat' dir='ltr'>vocantur.</span> <span class='ocrx_word' id='word_1_11' title='bbox 1219 564 1222 570; x_wconf 46' lang='lat'>¹</span> 
     </span>
    </p>
   </div>
   <div class='ocr_carea' id='block_1_3' title="bbox 239 706 1339 4355">
    <p class='ocr_par' dir='ltr' id='par_1_3' title="bbox 248 706 1339 1806">
     <span class='ocr_line' id='line_1_3' title="bbox 251 706 1339 786; baseline 0.007 -25"><span class='ocrx_word' id='word_1_12' title='bbox 251 707 370 764; x_wconf 89' lang='lat' dir='ltr'>tineanl.</span> <span class='ocrx_word' id='word_1_13' title='bbox 399 709 556 768; x_wconf 86' lang='lat' dir='ltr'>Universos</span> <span class='ocrx_word' id='word_1_14' title='bbox 575 719 669 768; x_wconf 90' lang='lat' dir='ltr'>autem</span> <span class='ocrx_word' id='word_1_15' title='bbox 691 713 804 786; x_wconf 81' lang='lat' dir='ltr'>Virgilii</span> <span class='ocrx_word' id='word_1_16' title='bbox 826 706 944 772; x_wconf 71' lang='lat' dir='ltr'>locus&#39;a</span> <span class='ocrx_word' id='word_1_17' title='bbox 965 734 993 774; x_wconf 87' lang='lat' dir='ltr'>v.</span> <span class='ocrx_word' id='word_1_18' title='bbox 1010 717 1183 774; x_wconf 77' lang='lat'>349-383.</span> <span class='ocrx_word' id='word_1_19' title='bbox 1205 715 1244 770; x_wconf 84' lang='lat' dir='ltr'>ita</span> <span class='ocrx_word' id='word_1_20' title='bbox 1263 729 1339 770; x_wconf 87' lang='lat' dir='ltr'>eom·</span> 
     </span>
     <span class='ocr_line' id='line_1_4' title="bbox 249 797 1337 870; baseline 0.006 -24"><span class='ocrx_word' id='word_1_21' title='bbox 249 799 364 863; x_wconf 86' lang='lat' dir='ltr'>paratus</span> <span class='ocrx_word' id='word_1_22' title='bbox 381 803 441 861; x_wconf 87' lang='lat' dir='ltr'>est,</span> <span class='ocrx_word' id='word_1_23' title='bbox 464 804 493 852; x_wconf 91' lang='lat' dir='ltr'>ut</span> <span class='ocrx_word' id='word_1_24' title='bbox 509 797 558 856; x_wconf 88' lang='lat' dir='ltr'>vix</span> <span class='ocrx_word' id='word_1_25' title='bbox 572 798 668 870; x_wconf 91' lang='lat' dir='ltr'>possis</span> <span class='ocrx_word' id='word_1_26' title='bbox 688 799 850 857; x_wconf 82' lang='lat' dir='ltr'>coniectura</span> <span class='ocrx_word' id='word_1_27' title='bbox 871 801 1028 869; x_wconf 89' lang='lat' dir='ltr'>abstinere,</span> <span class='ocrx_word' id='word_1_28' title='bbox 1050 801 1162 870; x_wconf 86' lang='lat' dir='ltr'>poetica</span> <span class='ocrx_word' id='word_1_29' title='bbox 1176 801 1284 856; x_wconf 85' lang='lat' dir='ltr'>ratione</span> <span class='ocrx_word' id='word_1_30' title='bbox 1299 799 1337 856; x_wconf 93' lang='lat' dir='ltr'>ibi</span> 
     </span>
     <span class='ocr_line' id='line_1_5' title="bbox 250 876 1337 954; baseline 0.009 -24"><span class='ocrx_word' id='word_1_31' title='bbox 250 876 394 949; x_wconf 87' lang='lat' dir='ltr'>descripta</span> <span class='ocrx_word' id='word_1_32' title='bbox 409 897 489 950; x_wconf 89' lang='lat' dir='ltr'>esse,</span> <span class='ocrx_word' id='word_1_33' title='bbox 513 898 585 954; x_wconf 90' lang='lat' dir='ltr'>quae</span> <span class='ocrx_word' id='word_1_34' title='bbox 602 883 752 940; x_wconf 79' lang='lat' dir='ltr'>Sallustius</span> <span class='ocrx_word' id='word_1_35' title='bbox 772 885 917 954; x_wconf 88' lang='lat' dir='ltr'>scriptoris</span> <span class='ocrx_word' id='word_1_36' title='bbox 933 901 1012 940; x_wconf 87' lang='lat' dir='ltr'>more</span> <span class='ocrx_word' id='word_1_37' title='bbox 1028 885 1234 954; x_wconf 75' lang='lat' dir='ltr'>illustraverat,</span> <span class='ocrx_word' id='word_1_38' title='bbox 1254 885 1292 940; x_wconf 89' lang='lat' dir='ltr'>ita</span> <span class='ocrx_word' id='word_1_39' title='bbox 1308 891 1337 940; x_wconf 92' lang='lat' dir='ltr'>ul</span> 
     </span>
     <span class='ocr_line' id='line_1_6' title="bbox 250 961 1337 1042; baseline 0.006 -26"><span class='ocrx_word' id='word_1_40' title='bbox 250 961 296 1016; x_wconf 92' lang='lat' dir='ltr'>ille</span> <span class='ocrx_word' id='word_1_41' title='bbox 312 962 427 1036; x_wconf 86' lang='lat' dir='ltr'>singula</span> <span class='ocrx_word' id='word_1_42' title='bbox 442 982 478 1022; x_wconf 81' lang='lat' dir='ltr'>ex</span> <span class='ocrx_word' id='word_1_43' title='bbox 491 966 546 1022; x_wconf 90' lang='lat' dir='ltr'>hoe</span> <span class='ocrx_word' id='word_1_44' title='bbox 561 967 694 1024; x_wconf 83' lang='lat' dir='ltr'>hausisse</span> <span class='ocrx_word' id='word_1_45' title='bbox 708 965 850 1030; x_wconf 81' lang='lat' dir='ltr'>uideatur.</span> <span class='ocrx_word' id='word_1_46' title='bbox 879 969 949 1024; x_wconf 89' lang='lat' dir='ltr'>Nam</span> <span class='ocrx_word' id='word_1_47' title='bbox 968 976 1053 1040; x_wconf 88' lang='lat' dir='ltr'>poeta</span> <span class='ocrx_word' id='word_1_48' title='bbox 1068 969 1104 1024; x_wconf 91' lang='lat' dir='ltr'>de</span> <span class='ocrx_word' id='word_1_49' title='bbox 1121 969 1200 1027; x_wconf 85' lang='lat' dir='ltr'>vario</span> <span class='ocrx_word' id='word_1_50' title='bbox 1214 985 1337 1042; x_wconf 88' lang='lat' dir='ltr'>pascuo-</span> 
     </span>
     <span class='ocr_line' id='line_1_7' title="bbox 249 1053 1335 1127; baseline 0.009 -27"><span class='ocrx_word' id='word_1_51' title='bbox 249 1062 310 1102; x_wconf 88' lang='lat' dir='ltr'>rum</span> <span class='ocrx_word' id='word_1_52' title='bbox 334 1064 439 1120; x_wconf 90' lang='lat' dir='ltr'>genere</span> <span class='ocrx_word' id='word_1_53' title='bbox 461 1068 564 1124; x_wconf 88' lang='lat' dir='ltr'>agens,</span> <span class='ocrx_word' id='word_1_54' title='bbox 593 1070 678 1124; x_wconf 90' lang='lat' dir='ltr'>quum</span> <span class='ocrx_word' id='word_1_55' title='bbox 699 1055 820 1124; x_wconf 91' lang='lat' dir='ltr'>primum</span> <span class='ocrx_word' id='word_1_56' title='bbox 840 1053 1002 1110; x_wconf 77' lang='lat' dir='ltr'>felicitatem</span> <span class='ocrx_word' id='word_1_57' title='bbox 1022 1071 1157 1127; x_wconf 87' lang='lat' dir='ltr'>gregum,</span> <span class='ocrx_word' id='word_1_58' title='bbox 1186 1071 1260 1126; x_wconf 89' lang='lat' dir='ltr'>quae</span> <span class='ocrx_word' id='word_1_59' title='bbox 1283 1057 1335 1110; x_wconf 86' lang='lat' dir='ltr'>sub</span> 
     </span>
     <span class='ocr_line' id='line_1_8' title="bbox 249 1131 1335 1211; baseline 0.008 -26"><span class='ocrx_word' id='word_1_60' title='bbox 249 1131 397 1190; x_wconf 89' lang='lat' dir='ltr'>mitissimo</span> <span class='ocrx_word' id='word_1_61' title='bbox 414 1137 493 1192; x_wconf 87' lang='lat' dir='ltr'>coelo</span> <span class='ocrx_word' id='word_1_62' title='bbox 507 1136 659 1208; x_wconf 81' lang='lat' dir='ltr'>habentur,</span> <span class='ocrx_word' id='word_1_63' title='bbox 684 1139 858 1206; x_wconf 84' lang='lat' dir='ltr'>laudaverit,</span> <span class='ocrx_word' id='word_1_64' title='bbox 879 1138 982 1194; x_wconf 90' lang='lat' dir='ltr'>deinde</span> <span class='ocrx_word' id='word_1_65' title='bbox 1006 1156 1089 1211; x_wconf 87' lang='lat' dir='ltr'>quam</span> <span class='ocrx_word' id='word_1_66' title='bbox 1108 1140 1213 1196; x_wconf 87' lang='lat' dir='ltr'>misera</span> <span class='ocrx_word' id='word_1_67' title='bbox 1233 1141 1269 1196; x_wconf 87' lang='lat' dir='ltr'>sit</span> <span class='ocrx_word' id='word_1_68' title='bbox 1286 1156 1335 1210; x_wconf 91' lang='lat' dir='ltr'>pe·</span> 
     </span>
     <span class='ocr_line' id='line_1_9' title="bbox 250 1217 1334 1297; baseline 0.006 -26"><span class='ocrx_word' id='word_1_69' title='bbox 250 1217 419 1290; x_wconf 89' lang='lat' dir='ltr'>coribusque</span> <span class='ocrx_word' id='word_1_70' title='bbox 436 1221 550 1276; x_wconf 89' lang='lat' dir='ltr'>inimica</span> <span class='ocrx_word' id='word_1_71' title='bbox 563 1224 643 1295; x_wconf 84' lang='lat' dir='ltr'>regio</span> <span class='ocrx_word' id='word_1_72' title='bbox 652 1225 704 1280; x_wconf 91' lang='lat' dir='ltr'>sub</span> <span class='ocrx_word' id='word_1_73' title='bbox 719 1224 956 1294; x_wconf 82' lang='lat' dir='ltr'>septentrionibus</span> <span class='ocrx_word' id='word_1_74' title='bbox 966 1226 1029 1294; x_wconf 86' lang='lat' dir='ltr'>sita,</span> <span class='ocrx_word' id='word_1_75' title='bbox 1044 1225 1180 1297; x_wconf 86' lang='lat' dir='ltr'>graphice</span> <span class='ocrx_word' id='word_1_76' title='bbox 1197 1224 1334 1297; x_wconf 82' lang='lat' dir='ltr'>depingit.</span> 
     </span>
     <span class='ocr_line' id='line_1_10' title="bbox 248 1302 1334 1380; baseline 0.007 -24"><span class='ocrx_word' id='word_1_77' title='bbox 248 1302 279 1356; x_wconf 93' lang='lat' dir='ltr'>ln</span> <span class='ocrx_word' id='word_1_78' title='bbox 303 1319 337 1358; x_wconf 89' lang='lat' dir='ltr'>ea</span> <span class='ocrx_word' id='word_1_79' title='bbox 365 1304 554 1378; x_wconf 82' lang='lat' dir='ltr'>descriptione</span> <span class='ocrx_word' id='word_1_80' title='bbox 576 1309 661 1379; x_wconf 88' lang='lat' dir='ltr'>igitur</span> <span class='ocrx_word' id='word_1_81' title='bbox 683 1315 784 1364; x_wconf 90' lang='lat' dir='ltr'>terram</span> <span class='ocrx_word' id='word_1_82' title='bbox 811 1326 828 1364; x_wconf 86' lang='lat' dir='ltr'>a</span> <span class='ocrx_word' id='word_1_83' title='bbox 850 1308 994 1364; x_wconf 89' lang='lat' dir='ltr'>Germanis</span> <span class='ocrx_word' id='word_1_84' title='bbox 1016 1309 1169 1366; x_wconf 86' lang='lat' dir='ltr'>habitatam</span> <span class='ocrx_word' id='word_1_85' title='bbox 1193 1310 1334 1380; x_wconf 82' lang='lat' dir='ltr'>imprimis</span> 
     </span>
     <span class='ocr_line' id='line_1_11' title="bbox 249 1394 1334 1466; baseline 0.007 -24"><span class='ocrx_word' id='word_1_86' title='bbox 249 1396 396 1459; x_wconf 84' lang='lat' dir='ltr'>spectasse</span> <span class='ocrx_word' id='word_1_87' title='bbox 412 1407 476 1448; x_wconf 88' lang='lat' dir='ltr'>eum</span> <span class='ocrx_word' id='word_1_88' title='bbox 492 1409 548 1448; x_wconf 93' lang='lat' dir='ltr'>non</span> <span class='ocrx_word' id='word_1_89' title='bbox 564 1394 655 1450; x_wconf 90' lang='lat' dir='ltr'>solum</span> <span class='ocrx_word' id='word_1_90' title='bbox 670 1394 811 1466; x_wconf 84' lang='lat' dir='ltr'>colligitur</span> <span class='ocrx_word' id='word_1_91' title='bbox 826 1410 861 1450; x_wconf 85' lang='lat' dir='ltr'>ex</span> <span class='ocrx_word' id='word_1_92' title='bbox 877 1410 922 1462; x_wconf 91' lang='lat' dir='ltr'>eo,</span> <span class='ocrx_word' id='word_1_93' title='bbox 940 1394 1016 1466; x_wconf 93' lang='lat' dir='ltr'>quod</span> <span class='ocrx_word' id='word_1_94' title='bbox 1032 1395 1114 1454; x_wconf 87' lang='lat' dir='ltr'>nives</span> <span class='ocrx_word' id='word_1_95' title='bbox 1129 1401 1211 1466; x_wconf 86' lang='lat' dir='ltr'>atque</span> <span class='ocrx_word' id='word_1_96' title='bbox 1228 1395 1334 1466; x_wconf 79' lang='lat' dir='ltr'>frigora</span> 
     </span>
     <span class='ocr_line' id='line_1_12' title="bbox 249 1476 1334 1552; baseline 0.009 -26"><span class='ocrx_word' id='word_1_97' title='bbox 249 1488 345 1528; x_wconf 85' lang='lat' dir='ltr'>earum</span> <span class='ocrx_word' id='word_1_98' title='bbox 361 1476 523 1547; x_wconf 91' lang='lat' dir='ltr'>regionum,</span> <span class='ocrx_word' id='word_1_99' title='bbox 545 1495 617 1549; x_wconf 91' lang='lat' dir='ltr'>quae</span> <span class='ocrx_word' id='word_1_100' title='bbox 636 1477 758 1534; x_wconf 79' lang='lat' dir='ltr'>histrum</span> <span class='ocrx_word' id='word_1_101' title='bbox 775 1479 927 1552; x_wconf 90' lang='lat' dir='ltr'>attingunt,</span> <span class='ocrx_word' id='word_1_102' title='bbox 950 1481 1037 1536; x_wconf 89' lang='lat' dir='ltr'>multa</span> <span class='ocrx_word' id='word_1_103' title='bbox 1051 1496 1114 1534; x_wconf 90' lang='lat' dir='ltr'>cum</span> <span class='ocrx_word' id='word_1_104' title='bbox 1138 1486 1197 1534; x_wconf 88' lang='lat' dir='ltr'>arte</span> <span class='ocrx_word' id='word_1_105' title='bbox 1212 1495 1334 1536; x_wconf 85' lang='lat' dir='ltr'>comme-</span> 
     </span>
     <span class='ocr_line' id='line_1_13' title="bbox 249 1561 1333 1636; baseline 0.01 -25"><span class='ocrx_word' id='word_1_106' title='bbox 249 1565 347 1628; x_wconf 88' lang='lat' dir='ltr'>morat,</span> <span class='ocrx_word' id='word_1_107' title='bbox 371 1561 521 1618; x_wconf 85' lang='lat' dir='ltr'>sedetiam</span> <span class='ocrx_word' id='word_1_108' title='bbox 537 1563 572 1617; x_wconf 94' lang='lat' dir='ltr'>de</span> <span class='ocrx_word' id='word_1_109' title='bbox 587 1563 732 1620; x_wconf 93' lang='lat' dir='ltr'>hominum</span> <span class='ocrx_word' id='word_1_110' title='bbox 748 1564 873 1636; x_wconf 85' lang='lat' dir='ltr'>ingenio,</span> <span class='ocrx_word' id='word_1_111' title='bbox 895 1565 1036 1633; x_wconf 87' lang='lat' dir='ltr'>moribus,</span> <span class='ocrx_word' id='word_1_112' title='bbox 1059 1565 1135 1620; x_wconf 86' lang='lat' dir='ltr'>victu</span> <span class='ocrx_word' id='word_1_113' title='bbox 1150 1565 1281 1635; x_wconf 86' lang='lat' dir='ltr'>cultuque</span> <span class='ocrx_word' id='word_1_114' title='bbox 1298 1581 1333 1622; x_wconf 85' lang='lat' dir='ltr'>ea</span> 
     </span>
     <span class='ocr_line' id='line_1_14' title="bbox 248 1641 1333 1718; baseline 0.009 -22"><span class='ocrx_word' id='word_1_115' title='bbox 248 1641 345 1711; x_wconf 77' lang='lat' dir='ltr'>all&#39;ert,</span> <span class='ocrx_word' id='word_1_116' title='bbox 368 1661 440 1718; x_wconf 84' lang='lat' dir='ltr'>quae</span> <span class='ocrx_word' id='word_1_117' title='bbox 456 1664 555 1704; x_wconf 89' lang='lat' dir='ltr'>rursus</span> <span class='ocrx_word' id='word_1_118' title='bbox 571 1665 635 1704; x_wconf 86' lang='lat' dir='ltr'>cum</span> <span class='ocrx_word' id='word_1_119' title='bbox 646 1647 733 1704; x_wconf 89' lang='lat' dir='ltr'>Taciti</span> <span class='ocrx_word' id='word_1_120' title='bbox 746 1648 781 1704; x_wconf 91' lang='lat' dir='ltr'>de</span> <span class='ocrx_word' id='word_1_121' title='bbox 794 1649 940 1706; x_wconf 86' lang='lat' dir='ltr'>Germanis</span> <span class='ocrx_word' id='word_1_122' title='bbox 956 1650 1115 1707; x_wconf 90' lang='lat' dir='ltr'>testimonio</span> <span class='ocrx_word' id='word_1_123' title='bbox 1131 1649 1249 1704; x_wconf 85' lang='lat' dir='ltr'>mirifice</span> <span class='ocrx_word' id='word_1_124' title='bbox 1266 1665 1333 1706; x_wconf 89' lang='lat' dir='ltr'>con-</span> 
     </span>
     <span class='ocr_line' id='line_1_15' title="bbox 249 1730 951 1806; baseline 0.009 -24"><span class='ocrx_word' id='word_1_125' title='bbox 249 1730 379 1784; x_wconf 86' lang='lat' dir='ltr'>sentiunt.</span> <span class='ocrx_word' id='word_1_126' title='bbox 410 1733 450 1788; x_wconf 87' lang='lat' dir='ltr'>lta</span> <span class='ocrx_word' id='word_1_127' title='bbox 465 1734 539 1788; x_wconf 85' lang='lat' dir='ltr'>enim</span> <span class='ocrx_word' id='word_1_128' title='bbox 554 1734 691 1806; x_wconf 82' lang='lat' dir='ltr'>Virgilius</span> <span class='ocrx_word' id='word_1_129' title='bbox 706 1734 724 1788; x_wconf 88' lang='lat' dir='ltr'>l.</span> <span class='ocrx_word' id='word_1_130' title='bbox 742 1735 760 1788; x_wconf 89' lang='lat' dir='ltr'>l.</span> <span class='ocrx_word' id='word_1_131' title='bbox 778 1753 805 1791; x_wconf 88' lang='lat' dir='ltr'>v.</span> <span class='ocrx_word' id='word_1_132' title='bbox 821 1737 873 1794; x_wconf 77' lang='lat'>376</span> <span class='ocrx_word' id='word_1_133' title='bbox 890 1751 951 1806; x_wconf 87' lang='lat' dir='ltr'>sqq.</span> 
     </span>
    </p>

    <p class='ocr_par' dir='ltr' id='par_1_4' title="bbox 418 1817 1087 1890">
     <span class='ocr_line' id='line_1_16' title="bbox 418 1817 1087 1890; baseline 0.001 -17"><span class='ocrx_word' id='word_1_134' title='bbox 418 1818 500 1889; x_wconf 89' lang='lat' dir='ltr'>„Ipsi</span> <span class='ocrx_word' id='word_1_135' title='bbox 515 1817 544 1872; x_wconf 81' lang='lat' dir='ltr'>in</span> <span class='ocrx_word' id='word_1_136' title='bbox 562 1819 829 1890; x_wconf 60' lang='lat' dir='ltr'>defossisrspeenbns</span> <span class='ocrx_word' id='word_1_137' title='bbox 844 1835 944 1876; x_wconf 87' lang='lat' dir='ltr'>secura</span> <span class='ocrx_word' id='word_1_138' title='bbox 961 1821 1013 1874; x_wconf 88' lang='lat' dir='ltr'>suh</span> <span class='ocrx_word' id='word_1_139' title='bbox 1031 1821 1087 1876; x_wconf 82' lang='lat' dir='ltr'>alte</span> 
     </span>
    </p>

    <p class='ocr_par' dir='ltr' id='par_1_5' title="bbox 412 1901 1156 1976">
     <span class='ocr_line' id='line_1_17' title="bbox 412 1901 1156 1976; baseline 0 -19"><span class='ocrx_word' id='word_1_140' title='bbox 412 1901 474 1959; x_wconf 86' lang='lat' dir='ltr'>Otia</span> <span class='ocrx_word' id='word_1_141' title='bbox 491 1910 577 1976; x_wconf 88' lang='lat' dir='ltr'>agunt</span> <span class='ocrx_word' id='word_1_142' title='bbox 593 1911 680 1970; x_wconf 88' lang='lat' dir='ltr'>terra,</span> <span class='ocrx_word' id='word_1_143' title='bbox 702 1910 892 1975; x_wconf 85' lang='lat' dir='ltr'>congestaque</span> <span class='ocrx_word' id='word_1_144' title='bbox 911 1906 1013 1960; x_wconf 85' lang='lat' dir='ltr'>robora</span> <span class='ocrx_word' id='word_1_145' title='bbox 1028 1911 1156 1975; x_wconf 86' lang='lat' dir='ltr'>totasque</span> 
     </span>
    </p>

    <p class='ocr_par' dir='ltr' id='par_1_6' title="bbox 415 1987 1059 2060">
     <span class='ocr_line' id='line_1_18' title="bbox 415 1987 1059 2060; baseline 0.003 -18"><span class='ocrx_word' id='word_1_146' title='bbox 415 1987 579 2044; x_wconf 75' lang='lat' dir='ltr'>advolvere</span> <span class='ocrx_word' id='word_1_147' title='bbox 595 1989 666 2044; x_wconf 88' lang='lat' dir='ltr'>locis</span> <span class='ocrx_word' id='word_1_148' title='bbox 683 1990 790 2056; x_wconf 92' lang='lat' dir='ltr'>ulmos,</span> <span class='ocrx_word' id='word_1_149' title='bbox 813 1989 927 2060; x_wconf 78' lang='lat' dir='ltr'>ignique</span> <span class='ocrx_word' id='word_1_150' title='bbox 944 1987 1059 2044; x_wconf 85' lang='lat' dir='ltr'>dedere.</span> 
     </span>
    </p>

    <p class='ocr_par' dir='ltr' id='par_1_7' title="bbox 415 2073 1040 2144">
     <span class='ocr_line' id='line_1_19' title="bbox 415 2073 1040 2144; baseline 0.002 -18"><span class='ocrx_word' id='word_1_151' title='bbox 415 2073 464 2130; x_wconf 85' lang='lat' dir='ltr'>llic</span> <span class='ocrx_word' id='word_1_152' title='bbox 480 2080 584 2130; x_wconf 86' lang='lat' dir='ltr'>noctem</span> <span class='ocrx_word' id='word_1_153' title='bbox 601 2075 664 2128; x_wconf 83' lang='lat' dir='ltr'>iudo</span> <span class='ocrx_word' id='word_1_154' title='bbox 681 2074 797 2142; x_wconf 86' lang='lat' dir='ltr'>ducunt,</span> <span class='ocrx_word' id='word_1_155' title='bbox 820 2080 847 2128; x_wconf 89' lang='lat' dir='ltr'>et</span> <span class='ocrx_word' id='word_1_156' title='bbox 855 2074 959 2144; x_wconf 82' lang='lat' dir='ltr'>poeula</span> <span class='ocrx_word' id='word_1_157' title='bbox 974 2074 1040 2130; x_wconf 90' lang='lat' dir='ltr'>laeti</span> 
     </span>
    </p>

    <p class='ocr_par' dir='ltr' id='par_1_8' title="bbox 412 2158 1110 2232">
     <span class='ocr_line' id='line_1_20' title="bbox 412 2158 1110 2232; baseline 0.001 -18"><span class='ocrx_word' id='word_1_158' title='bbox 412 2158 558 2216; x_wconf 68' lang='lat' dir='ltr'>termento</span> <span class='ocrx_word' id='word_1_159' title='bbox 573 2167 654 2232; x_wconf 80' lang='lat' dir='ltr'>atque</span> <span class='ocrx_word' id='word_1_160' title='bbox 670 2159 756 2214; x_wconf 66' lang='lat' dir='ltr'>addes</span> <span class='ocrx_word' id='word_1_161' title='bbox 774 2160 915 2214; x_wconf 81' lang='lat' dir='ltr'>imitentur</span> <span class='ocrx_word' id='word_1_162' title='bbox 929 2159 997 2213; x_wconf 82' lang='lat' dir='ltr'>niteo</span> <span class='ocrx_word' id='word_1_163' title='bbox 1012 2158 1110 2215; x_wconf 83' lang='lat' dir='ltr'>sorbis.</span> 
     </span>
    </p>

    <p class='ocr_par' dir='ltr' id='par_1_9' title="bbox 413 2242 1052 2316">
     <span class='ocr_line' id='line_1_21' title="bbox 413 2242 1052 2316; baseline 0.003 -20"><span class='ocrx_word' id='word_1_164' title='bbox 413 2242 490 2300; x_wconf 82' lang='lat' dir='ltr'>&#39;Talis</span> <span class='ocrx_word' id='word_1_165' title='bbox 506 2245 689 2316; x_wconf 85' lang='lat' dir='ltr'>Hyperboreo</span> <span class='ocrx_word' id='word_1_166' title='bbox 706 2251 813 2314; x_wconf 90' lang='lat' dir='ltr'>septem</span> <span class='ocrx_word' id='word_1_167' title='bbox 828 2243 954 2300; x_wconf 87' lang='lat' dir='ltr'>subiecta</span> <span class='ocrx_word' id='word_1_168' title='bbox 971 2244 1052 2298; x_wconf 92' lang='lat' dir='ltr'>trioni</span> 
     </span>
    </p>

    <p class='ocr_par' dir='ltr' id='par_1_10' title="bbox 414 2327 1094 2399">
     <span class='ocr_line' id='line_1_22' title="bbox 414 2327 1094 2399; baseline -0.003 -15"><span class='ocrx_word' id='word_1_169' title='bbox 414 2330 490 2385; x_wconf 90' lang='lat' dir='ltr'>Gens</span> <span class='ocrx_word' id='word_1_170' title='bbox 505 2329 612 2384; x_wconf 82' lang='lat' dir='ltr'>effrena</span> <span class='ocrx_word' id='word_1_171' title='bbox 628 2331 719 2386; x_wconf 89' lang='lat' dir='ltr'>virum</span> <span class='ocrx_word' id='word_1_172' title='bbox 735 2328 862 2399; x_wconf 86' lang='lat' dir='ltr'>Rhipaeo</span> <span class='ocrx_word' id='word_1_173' title='bbox 878 2327 1001 2384; x_wconf 89' lang='lat' dir='ltr'>tunditur</span> <span class='ocrx_word' id='word_1_174' title='bbox 1015 2345 1094 2398; x_wconf 90' lang='lat' dir='ltr'>euro,</span> 
     </span>
    </p>

    <p class='ocr_par' dir='ltr' id='par_1_11' title="bbox 239 2414 1331 4355">
     <span class='ocr_line' id='line_1_23' title="bbox 412 2414 1054 2486; baseline 0 -18"><span class='ocrx_word' id='word_1_175' title='bbox 412 2414 446 2468; x_wconf 83' lang='lat' dir='ltr'>Et</span> <span class='ocrx_word' id='word_1_176' title='bbox 456 2415 595 2486; x_wconf 63' lang='lat' dir='ltr'>mendum</span> <span class='ocrx_word' id='word_1_177' title='bbox 607 2414 691 2484; x_wconf 67' lang='lat' dir='ltr'>sutori</span> <span class='ocrx_word' id='word_1_178' title='bbox 705 2414 811 2469; x_wconf 86' lang='lat' dir='ltr'>vetatur</span> <span class='ocrx_word' id='word_1_179' title='bbox 826 2429 946 2484; x_wconf 87' lang='lat' dir='ltr'>corporo</span> <span class='ocrx_word' id='word_1_180' title='bbox 961 2414 1054 2468; x_wconf 84' lang='lat' dir='ltr'>setis.“</span> 
     </span>
     <span class='ocr_line' id='line_1_24' title="bbox 247 2494 1331 2570; baseline -0.004 -16"><span class='ocrx_word' id='word_1_181' title='bbox 247 2498 355 2566; x_wconf 81' lang='lat' dir='ltr'>Quodsi</span> <span class='ocrx_word' id='word_1_182' title='bbox 384 2515 447 2554; x_wconf 88' lang='lat' dir='ltr'>curn</span> <span class='ocrx_word' id='word_1_183' title='bbox 475 2499 519 2556; x_wconf 92' lang='lat' dir='ltr'>his</span> <span class='ocrx_word' id='word_1_184' title='bbox 547 2499 712 2565; x_wconf 91' lang='lat' dir='ltr'>contuleris,</span> <span class='ocrx_word' id='word_1_185' title='bbox 742 2514 814 2570; x_wconf 90' lang='lat' dir='ltr'>quae</span> <span class='ocrx_word' id='word_1_186' title='bbox 841 2499 971 2570; x_wconf 86' lang='lat' dir='ltr'>leguntur</span> <span class='ocrx_word' id='word_1_187' title='bbox 992 2498 1068 2570; x_wconf 91' lang='lat' dir='ltr'>apud</span> <span class='ocrx_word' id='word_1_188' title='bbox 1089 2494 1216 2554; x_wconf 89' lang='lat' dir='ltr'>Tacitum</span> <span class='ocrx_word' id='word_1_189' title='bbox 1237 2498 1331 2555; x_wconf 89' lang='lat' dir='ltr'>Germ.</span> 
     </span>
     <span class='ocr_line' id='line_1_25' title="bbox 249 2581 1330 2654; baseline -0.006 -11"><span class='ocrx_word' id='word_1_190' title='bbox 249 2589 291 2653; x_wconf 87' lang='grc'>16,</span> <span class='ocrx_word' id='word_1_191' title='bbox 305 2587 332 2641; x_wconf 82' lang='grc'>3.</span> <span class='ocrx_word' id='word_1_192' title='bbox 356 2581 449 2640; x_wconf 84' lang='lat' dir='ltr'>Solent</span> <span class='ocrx_word' id='word_1_193' title='bbox 463 2590 489 2638; x_wconf 85' lang='lat' dir='ltr'>et</span> <span class='ocrx_word' id='word_1_194' title='bbox 507 2584 767 2639; x_wconf 83' lang='lat' dir='ltr'>subterraneos</span> <span class='ocrx_word' id='word_1_195' title='bbox 781 2597 908 2653; x_wconf 84' lang='lat' dir='ltr'>specus</span> <span class='ocrx_word' id='word_1_196' title='bbox 927 2585 1056 2654; x_wconf 83' lang='lat' dir='ltr'>aperire,</span> <span class='ocrx_word' id='word_1_197' title='bbox 1077 2598 1176 2654; x_wconf 82' lang='lat' dir='ltr'>eosque</span> <span class='ocrx_word' id='word_1_198' title='bbox 1190 2585 1271 2638; x_wconf 75' lang='lat' dir='ltr'>medio</span> <span class='ocrx_word' id='word_1_199' title='bbox 1287 2584 1330 2637; x_wconf 82' lang='lat' dir='ltr'>in-</span> 
     </span>
     <span class='ocr_line' id='line_1_26' title="bbox 247 2655 1330 2740; baseline 0 -18"><span class='ocrx_word' id='word_1_200' title='bbox 247 2683 333 2739; x_wconf 81' lang='lat' dir='ltr'>super</span> <span class='ocrx_word' id='word_1_201' title='bbox 351 2668 418 2738; x_wconf 82' lang='lat' dir='ltr'>fimo</span> <span class='ocrx_word' id='word_1_202' title='bbox 440 2674 570 2738; x_wconf 89' lang='lat' dir='ltr'>onerant,</span> <span class='ocrx_word' id='word_1_203' title='bbox 599 2655 800 2740; x_wconf 72' lang='lat' dir='ltr'>sussepiu&#39;m</span> <span class='ocrx_word' id='word_1_204' title='bbox 822 2667 942 2730; x_wconf 74' lang='lat' dir='ltr'>hiemi:</span> <span class='ocrx_word' id='word_1_205' title='bbox 968 2697 1012 2710; x_wconf 91' lang='lat'><em>-</em></span> <span class='ocrx_word' id='word_1_206' title='bbox 1041 2669 1077 2725; x_wconf 90' lang='lat' dir='ltr'>ib.</span> <span class='ocrx_word' id='word_1_207' title='bbox 1099 2672 1143 2736; x_wconf 77' lang='lat'>24,</span> <span class='ocrx_word' id='word_1_208' title='bbox 1160 2671 1188 2726; x_wconf 80' lang='lat'>3.</span> <span class='ocrx_word' id='word_1_209' title='bbox 1209 2668 1330 2734; x_wconf 72' lang='lat' dir='ltr'>Alcone</span> 
     </span>
     <span class='ocr_line' id='line_1_27' title="bbox 245 2753 1330 2824; baseline 0.001 -17"><span class='ocrx_word' id='word_1_210' title='bbox 245 2754 331 2810; x_wconf 81' lang='lat' dir='ltr'>sobrii</span> <span class='ocrx_word' id='word_1_211' title='bbox 347 2755 419 2808; x_wconf 82' lang='lat' dir='ltr'>inter</span> <span class='ocrx_word' id='word_1_212' title='bbox 441 2756 515 2810; x_wconf 81' lang='lat' dir='ltr'>seria</span> <span class='ocrx_word' id='word_1_213' title='bbox 537 2759 723 2819; x_wconf 73' lang='lat' dir='ltr'>exercent,</span> <span class='ocrx_word' id='word_1_214' title='bbox 745 2757 821 2808; x_wconf 82' lang='lat' dir='ltr'>tantu</span> <span class='ocrx_word' id='word_1_215' title='bbox 840 2753 970 2808; x_wconf 84' lang='lat' dir='ltr'>lucrandi</span> <span class='ocrx_word' id='word_1_216' title='bbox 983 2754 1154 2824; x_wconf 80' lang='lat' dir='ltr'>perdendive</span> <span class='ocrx_word' id='word_1_217' title='bbox 1172 2755 1330 2822; x_wconf 70' lang='lat' dir='ltr'>temeritate,</span> 
     </span>
     <span class='ocr_line' id='line_1_28' title="bbox 245 2837 1330 2906; baseline 0.002 -14"><span class='ocrx_word' id='word_1_218' title='bbox 245 2843 276 2892; x_wconf 85' lang='lat' dir='ltr'>ut</span> <span class='ocrx_word' id='word_1_219' title='bbox 289 2845 412 2894; x_wconf 78' lang='lat' dir='ltr'>extremo</span> <span class='ocrx_word' id='word_1_220' title='bbox 426 2841 499 2896; x_wconf 84' lang='lat' dir='ltr'>iactu</span> <span class='ocrx_word' id='word_1_221' title='bbox 514 2839 547 2894; x_wconf 95' lang='lat' dir='ltr'>de</span> <span class='ocrx_word' id='word_1_222' title='bbox 567 2839 689 2894; x_wconf 80' lang='lat' dir='ltr'>libertate</span> <span class='ocrx_word' id='word_1_223' title='bbox 703 2839 883 2900; x_wconf 83' lang='lat' dir='ltr'>contendant;</span> <span class='ocrx_word' id='word_1_224' title='bbox 904 2865 946 2878; x_wconf 89' lang='lat'>-·</span> <span class='ocrx_word' id='word_1_225' title='bbox 972 2837 1039 2894; x_wconf 91' lang='lat' dir='ltr'>ibid.</span> <span class='ocrx_word' id='word_1_226' title='bbox 1056 2843 1101 2906; x_wconf 73' lang='lat'>23,</span> <span class='ocrx_word' id='word_1_227' title='bbox 1119 2845 1142 2898; x_wconf 91' lang='lat' dir='ltr'>l.</span> <span class='ocrx_word' id='word_1_228' title='bbox 1165 2837 1249 2892; x_wconf 84' lang='lat' dir='ltr'>Potui</span> <span class='ocrx_word' id='word_1_229' title='bbox 1267 2837 1330 2894; x_wconf 79' lang='lat' dir='ltr'>bo·</span> 
     </span>
     <span class='ocr_line' id='line_1_29' title="bbox 246 2923 1330 2996; baseline -0.002 -18"><span class='ocrx_word' id='word_1_230' title='bbox 246 2939 317 2979; x_wconf 89' lang='lat' dir='ltr'>mor</span> <span class='ocrx_word' id='word_1_231' title='bbox 338 2923 601 2980; x_wconf 76' lang='lat' dir='ltr'>eebordeoout</span> <span class='ocrx_word' id='word_1_232' title='bbox 619 2923 1040 2996; x_wconf 83' lang='lat' dir='ltr'>frumentor&#39;nqoondom</span> <span class='ocrx_word' id='word_1_233' title='bbox 1055 2923 1330 2978; x_wconf 81' lang='lat' dir='ltr'>similitudinem</span> 
     </span>
     <span class='ocr_line' id='line_1_30' title="bbox 244 3005 1327 3082; baseline -0.004 -16"><span class='ocrx_word' id='word_1_234' title='bbox 244 3009 316 3066; x_wconf 80' lang='lat' dir='ltr'>vini</span> <span class='ocrx_word' id='word_1_235' title='bbox 333 3015 498 3082; x_wconf 76' lang='lat' dir='ltr'>corruptos,-</span> <span class='ocrx_word' id='word_1_236' title='bbox 518 3039 562 3050; x_wconf 86' lang='lat'>-</span> <span class='ocrx_word' id='word_1_237' title='bbox 584 3009 652 3066; x_wconf 88' lang='lat' dir='ltr'>ibid.</span> <span class='ocrx_word' id='word_1_238' title='bbox 675 3012 718 3076; x_wconf 90' lang='lat' dir='ltr'>l&#39;i,</span> <span class='ocrx_word' id='word_1_239' title='bbox 736 3013 764 3066; x_wconf 76' lang='lat'>2.</span> <span class='ocrx_word' id='word_1_240' title='bbox 789 3009 895 3064; x_wconf 75' lang='lat' dir='ltr'>derunt</span> <span class='ocrx_word' id='word_1_241' title='bbox 914 3013 940 3062; x_wconf 93' lang='lat' dir='ltr'>et</span> <span class='ocrx_word' id='word_1_242' title='bbox 954 3005 1117 3078; x_wconf 81' lang='lat' dir='ltr'>serarum</span> <span class='ocrx_word' id='word_1_243' title='bbox 1135 3009 1268 3078; x_wconf 84' lang='lat' dir='ltr'>pettes;</span> <span class='ocrx_word' id='word_1_244' title='bbox 1290 3037 1327 3048; x_wconf 85' lang='lat'>-</span> 
     </span>
     <span class='ocr_line' id='line_1_31' title="bbox 245 3091 1327 3167; baseline -0.002 -17"><span class='ocrx_word' id='word_1_245' title='bbox 245 3094 290 3150; x_wconf 91' lang='lat' dir='ltr'>his</span> <span class='ocrx_word' id='word_1_246' title='bbox 311 3095 394 3167; x_wconf 88' lang='lat' dir='ltr'>igitur</span> <span class='ocrx_word' id='word_1_247' title='bbox 414 3096 524 3152; x_wconf 87' lang='lat' dir='ltr'>collatis</span> <span class='ocrx_word' id='word_1_248' title='bbox 539 3095 696 3161; x_wconf 84' lang='lat' dir='ltr'>concedes,</span> <span class='ocrx_word' id='word_1_249' title='bbox 719 3099 825 3148; x_wconf 90' lang='lat' dir='ltr'>tantum</span> <span class='ocrx_word' id='word_1_250' title='bbox 840 3109 904 3148; x_wconf 87' lang='lat' dir='ltr'>esse</span> <span class='ocrx_word' id='word_1_251' title='bbox 920 3091 1008 3148; x_wconf 84' lang='lat' dir='ltr'>Taciti</span> <span class='ocrx_word' id='word_1_252' title='bbox 1024 3110 1087 3148; x_wconf 91' lang='lat' dir='ltr'>cum</span> <span class='ocrx_word' id='word_1_253' title='bbox 1101 3093 1222 3163; x_wconf 79' lang='lat' dir='ltr'>Virgilio</span> <span class='ocrx_word' id='word_1_254' title='bbox 1240 3095 1284 3150; x_wconf 88' lang='lat' dir='ltr'>vel</span> <span class='ocrx_word' id='word_1_255' title='bbox 1300 3095 1327 3148; x_wconf 92' lang='lat' dir='ltr'>in</span> 
     </span>
     <span class='ocr_line' id='line_1_32' title="bbox 245 3176 1329 3253; baseline -0.002 -17"><span class='ocrx_word' id='word_1_256' title='bbox 245 3181 364 3253; x_wconf 92' lang='lat' dir='ltr'>singulis</span> <span class='ocrx_word' id='word_1_257' title='bbox 385 3197 573 3247; x_wconf 90' lang='lat' dir='ltr'>consensum,</span> <span class='ocrx_word' id='word_1_258' title='bbox 601 3179 650 3234; x_wconf 84' lang='lat' dir='ltr'>vix</span> <span class='ocrx_word' id='word_1_259' title='bbox 672 3184 700 3234; x_wconf 90' lang='lat' dir='ltr'>ut</span> <span class='ocrx_word' id='word_1_260' title='bbox 723 3176 796 3232; x_wconf 91' lang='lat' dir='ltr'>duos</span> <span class='ocrx_word' id='word_1_261' title='bbox 820 3178 970 3250; x_wconf 87' lang='lat' dir='ltr'>scriptores</span> <span class='ocrx_word' id='word_1_262' title='bbox 998 3179 1090 3249; x_wconf 86' lang='lat' dir='ltr'>magis</span> <span class='ocrx_word' id='word_1_263' title='bbox 1109 3178 1181 3232; x_wconf 88' lang='lat' dir='ltr'>inter</span> <span class='ocrx_word' id='word_1_264' title='bbox 1210 3195 1242 3234; x_wconf 86' lang='lat' dir='ltr'>se</span> <span class='ocrx_word' id='word_1_265' title='bbox 1264 3195 1329 3234; x_wconf 89' lang='lat' dir='ltr'>eon-</span> 
     </span>
     <span class='ocr_line' id='line_1_33' title="bbox 244 3259 1327 3337; baseline -0.001 -18"><span class='ocrx_word' id='word_1_266' title='bbox 244 3273 377 3337; x_wconf 88' lang='lat' dir='ltr'>gruentes</span> <span class='ocrx_word' id='word_1_267' title='bbox 399 3266 535 3337; x_wconf 84' lang='lat' dir='ltr'>reperias.</span> <span class='ocrx_word' id='word_1_268' title='bbox 578 3263 636 3320; x_wconf 90' lang='lat' dir='ltr'>Sed</span> <span class='ocrx_word' id='word_1_269' title='bbox 651 3261 726 3318; x_wconf 90' lang='lat' dir='ltr'>uude</span> <span class='ocrx_word' id='word_1_270' title='bbox 744 3261 816 3318; x_wconf 88' lang='lat' dir='ltr'>hacc</span> <span class='ocrx_word' id='word_1_271' title='bbox 832 3264 903 3318; x_wconf 88' lang='lat' dir='ltr'>mira</span> <span class='ocrx_word' id='word_1_272' title='bbox 924 3259 1115 3332; x_wconf 79' lang='lat' dir='ltr'>conspiratio?</span> <span class='ocrx_word' id='word_1_273' title='bbox 1144 3263 1190 3318; x_wconf 88' lang='lat' dir='ltr'>An</span> <span class='ocrx_word' id='word_1_274' title='bbox 1205 3262 1327 3330; x_wconf 83' lang='lat' dir='ltr'>Tacitus,</span> 
     </span>
     <span class='ocr_line' id='line_1_34' title="bbox 244 3346 1327 3422; baseline -0.002 -18"><span class='ocrx_word' id='word_1_275' title='bbox 244 3349 477 3422; x_wconf 88' lang='lat' dir='ltr'>religiosissimus</span> <span class='ocrx_word' id='word_1_276' title='bbox 491 3349 576 3406; x_wconf 91' lang='lat' dir='ltr'>homo</span> <span class='ocrx_word' id='word_1_277' title='bbox 592 3355 620 3403; x_wconf 88' lang='lat' dir='ltr'>et</span> <span class='ocrx_word' id='word_1_278' title='bbox 635 3362 761 3404; x_wconf 89' lang='lat' dir='ltr'>summae</span> <span class='ocrx_word' id='word_1_279' title='bbox 776 3346 857 3415; x_wconf 89' lang='lat' dir='ltr'>fidei,</span> <span class='ocrx_word' id='word_1_280' title='bbox 878 3365 914 3402; x_wconf 83' lang='lat' dir='ltr'>ex</span> <span class='ocrx_word' id='word_1_281' title='bbox 923 3353 1007 3419; x_wconf 83' lang='lat' dir='ltr'>poeto</span> <span class='ocrx_word' id='word_1_282' title='bbox 1022 3353 1162 3404; x_wconf 89' lang='lat' dir='ltr'>mutuatus</span> <span class='ocrx_word' id='word_1_283' title='bbox 1179 3354 1237 3419; x_wconf 87' lang='lat' dir='ltr'>est,</span> <span class='ocrx_word' id='word_1_284' title='bbox 1256 3364 1327 3419; x_wconf 86' lang='lat' dir='ltr'>quae</span> 
     </span>
     <span class='ocr_line' id='line_1_35' title="bbox 245 3430 1327 3504; baseline 0.002 -16"><span class='ocrx_word' id='word_1_285' title='bbox 245 3433 282 3488; x_wconf 88' lang='lat' dir='ltr'>de</span> <span class='ocrx_word' id='word_1_286' title='bbox 300 3435 446 3490; x_wconf 87' lang='lat' dir='ltr'>Germanis</span> <span class='ocrx_word' id='word_1_287' title='bbox 463 3431 597 3490; x_wconf 80' lang='lat' dir='ltr'>tradidit?</span> <span class='ocrx_word' id='word_1_288' title='bbox 618 3433 742 3488; x_wconf 87' lang='lat' dir='ltr'>Minime.</span> <span class='ocrx_word' id='word_1_289' title='bbox 772 3430 831 3488; x_wconf 90' lang='lat' dir='ltr'>Sed</span> <span class='ocrx_word' id='word_1_290' title='bbox 848 3433 983 3504; x_wconf 84' lang='lat' dir='ltr'>Virgilius</span> <span class='ocrx_word' id='word_1_291' title='bbox 997 3433 1103 3503; x_wconf 87' lang='lat' dir='ltr'>pariter</span> <span class='ocrx_word' id='word_1_292' title='bbox 1120 3440 1202 3504; x_wconf 85' lang='lat' dir='ltr'>atque</span> <span class='ocrx_word' id='word_1_293' title='bbox 1216 3432 1327 3490; x_wconf 86' lang='lat' dir='ltr'>Tacitus</span> 
     </span>
     <span class='ocr_line' id='line_1_36' title="bbox 245 3517 1328 3590; baseline -0.001 -17"><span class='ocrx_word' id='word_1_294' title='bbox 245 3534 281 3573; x_wconf 86' lang='lat' dir='ltr'>ex</span> <span class='ocrx_word' id='word_1_295' title='bbox 296 3518 421 3575; x_wconf 84' lang='lat' dir='ltr'>Sallustii</span> <span class='ocrx_word' id='word_1_296' title='bbox 446 3519 576 3574; x_wconf 88' lang='lat' dir='ltr'>Historiis</span> <span class='ocrx_word' id='word_1_297' title='bbox 597 3517 764 3586; x_wconf 89' lang='lat' dir='ltr'>hauserunt,</span> <span class='ocrx_word' id='word_1_298' title='bbox 791 3534 862 3590; x_wconf 88' lang='lat' dir='ltr'>quae</span> <span class='ocrx_word' id='word_1_299' title='bbox 882 3517 916 3572; x_wconf 87' lang='lat' dir='ltr'>de</span> <span class='ocrx_word' id='word_1_300' title='bbox 938 3518 1012 3572; x_wconf 89' lang='lat' dir='ltr'>illius</span> <span class='ocrx_word' id='word_1_301' title='bbox 1028 3519 1120 3588; x_wconf 90' lang='lat' dir='ltr'>gentis</span> <span class='ocrx_word' id='word_1_302' title='bbox 1136 3518 1261 3574; x_wconf 89' lang='lat' dir='ltr'>moribus</span> <span class='ocrx_word' id='word_1_303' title='bbox 1278 3517 1328 3581; x_wconf 61' lang='lat' dir='ltr'>ha,-</span> 
     </span>
     <span class='ocr_line' id='line_1_37' title="bbox 244 3601 1328 3675; baseline -0.002 -17"><span class='ocrx_word' id='word_1_304' title='bbox 244 3603 327 3671; x_wconf 86' lang='lat' dir='ltr'>bent,</span> <span class='ocrx_word' id='word_1_305' title='bbox 349 3604 379 3658; x_wconf 96' lang='lat' dir='ltr'>id</span> <span class='ocrx_word' id='word_1_306' title='bbox 394 3604 470 3675; x_wconf 92' lang='lat' dir='ltr'>quod</span> <span class='ocrx_word' id='word_1_307' title='bbox 484 3603 652 3675; x_wconf 86' lang='lat' dir='ltr'>perspicitur</span> <span class='ocrx_word' id='word_1_308' title='bbox 672 3619 707 3658; x_wconf 84' lang='lat' dir='ltr'>ex</span> <span class='ocrx_word' id='word_1_309' title='bbox 723 3601 823 3660; x_wconf 90' lang='lat' dir='ltr'>Servio</span> <span class='ocrx_word' id='word_1_310' title='bbox 839 3603 876 3658; x_wconf 91' lang='lat' dir='ltr'>ad</span> <span class='ocrx_word' id='word_1_311' title='bbox 891 3605 910 3657; x_wconf 92' lang='lat' dir='ltr'>l.</span> <span class='ocrx_word' id='word_1_312' title='bbox 927 3605 960 3668; x_wconf 92' lang='lat' dir='ltr'>l.‚</span> <span class='ocrx_word' id='word_1_313' title='bbox 983 3603 1030 3673; x_wconf 92' lang='lat' dir='ltr'>qui</span> <span class='ocrx_word' id='word_1_314' title='bbox 1048 3603 1141 3658; x_wconf 90' lang='lat' dir='ltr'>verbis</span> <span class='ocrx_word' id='word_1_315' title='bbox 1156 3603 1266 3673; x_wconf 85' lang='lat' dir='ltr'>Virgilii</span> <span class='ocrx_word' id='word_1_316' title='bbox 1290 3602 1328 3656; x_wconf 82' lang='lat' dir='ltr'>Et</span> 
     </span>
     <span class='ocr_line' id='line_1_38' title="bbox 239 3685 1327 3764; baseline -0.001 -22"><span class='ocrx_word' id='word_1_317' title='bbox 239 3689 378 3758; x_wconf 81' lang='lat' dir='ltr'>pecudum</span> <span class='ocrx_word' id='word_1_318' title='bbox 399 3689 485 3760; x_wconf 82' lang='lat' dir='ltr'>sulcis</span> <span class='ocrx_word' id='word_1_319' title='bbox 511 3690 617 3744; x_wconf 83' lang='lat' dir='ltr'>velatur</span> <span class='ocrx_word' id='word_1_320' title='bbox 634 3703 758 3764; x_wconf 79' lang='lat' dir='ltr'>corpora</span> <span class='ocrx_word' id='word_1_321' title='bbox 780 3689 845 3744; x_wconf 81' lang='lat' dir='ltr'>setr&#39;a</span> <span class='ocrx_word' id='word_1_322' title='bbox 868 3687 937 3744; x_wconf 87' lang='lat' dir='ltr'>nihil</span> <span class='ocrx_word' id='word_1_323' title='bbox 964 3686 1040 3742; x_wconf 88' lang='lat' dir='ltr'>aliud</span> <span class='ocrx_word' id='word_1_324' title='bbox 1067 3686 1222 3759; x_wconf 85' lang='lat' dir='ltr'>significari</span> <span class='ocrx_word' id='word_1_325' title='bbox 1249 3685 1327 3755; x_wconf 88' lang='lat' dir='ltr'>vidit,</span> 
     </span>
     <span class='ocr_line' id='line_1_39' title="bbox 245 3771 1326 3844; baseline -0.002 -16"><span class='ocrx_word' id='word_1_326' title='bbox 245 3789 328 3844; x_wconf 84' lang='lat' dir='ltr'>quam</span> <span class='ocrx_word' id='word_1_327' title='bbox 347 3789 478 3840; x_wconf 83' lang='lat' dir='ltr'>renones,</span> <span class='ocrx_word' id='word_1_328' title='bbox 511 3790 565 3844; x_wconf 92' lang='lat' dir='ltr'>quo</span> <span class='ocrx_word' id='word_1_329' title='bbox 588 3774 722 3828; x_wconf 88' lang='lat' dir='ltr'>vocabulo</span> <span class='ocrx_word' id='word_1_330' title='bbox 744 3771 894 3828; x_wconf 87' lang='lat' dir='ltr'>Sallustius</span> <span class='ocrx_word' id='word_1_331' title='bbox 918 3771 953 3828; x_wconf 88' lang='lat' dir='ltr'>dc</span> <span class='ocrx_word' id='word_1_332' title='bbox 978 3772 1124 3827; x_wconf 87' lang='lat' dir='ltr'>Germanis</span> <span class='ocrx_word' id='word_1_333' title='bbox 1146 3789 1235 3844; x_wconf 83' lang='lat' dir='ltr'>agens</span> <span class='ocrx_word' id='word_1_334' title='bbox 1258 3789 1326 3828; x_wconf 89' lang='lat' dir='ltr'>usus</span> 
     </span>
     <span class='ocr_line' id='line_1_40' title="bbox 245 3857 1328 3930; baseline -0.003 -18"><span class='ocrx_word' id='word_1_335' title='bbox 245 3865 314 3913; x_wconf 90' lang='lat' dir='ltr'>erat.</span> <span class='ocrx_word' id='word_1_336' title='bbox 340 3887 380 3896; x_wconf 85' lang='lat'>-</span> <span class='ocrx_word' id='word_1_337' title='bbox 411 3858 443 3912; x_wconf 95' lang='lat' dir='ltr'>In</span> <span class='ocrx_word' id='word_1_338' title='bbox 466 3859 536 3929; x_wconf 84' lang='lat' dir='ltr'>ipsis</span> <span class='ocrx_word' id='word_1_339' title='bbox 558 3858 717 3930; x_wconf 86' lang='lat' dir='ltr'>Fragmenti</span> <span class='ocrx_word' id='word_1_340' title='bbox 740 3859 835 3914; x_wconf 86' lang='lat' dir='ltr'>verbis</span> <span class='ocrx_word' id='word_1_341' title='bbox 861 3864 947 3914; x_wconf 84' lang='lat' dir='ltr'>oestee</span> <span class='ocrx_word' id='word_1_342' title='bbox 971 3857 1005 3912; x_wconf 89' lang='lat' dir='ltr'>de</span> <span class='ocrx_word' id='word_1_343' title='bbox 1025 3857 1143 3927; x_wconf 77' lang='lat' dir='ltr'>pellibus</span> <span class='ocrx_word' id='word_1_344' title='bbox 1168 3857 1328 3928; x_wconf 83' lang='lat' dir='ltr'>significent</span> 
     </span>
     <span class='ocr_line' id='line_1_41' title="bbox 244 3940 1329 4016; baseline -0.003 -18"><span class='ocrx_word' id='word_1_345' title='bbox 244 3949 342 3999; x_wconf 89' lang='lat' dir='ltr'>vestes</span> <span class='ocrx_word' id='word_1_346' title='bbox 353 3943 473 4013; x_wconf 84' lang='lat' dir='ltr'>pellibus</span> <span class='ocrx_word' id='word_1_347' title='bbox 490 3944 599 4016; x_wconf 78' lang='lat' dir='ltr'>foetae,</span> <span class='ocrx_word' id='word_1_348' title='bbox 621 3943 667 4014; x_wconf 93' lang='lat' dir='ltr'>qui</span> <span class='ocrx_word' id='word_1_349' title='bbox 684 3961 752 3998; x_wconf 90' lang='lat' dir='ltr'>usus</span> <span class='ocrx_word' id='word_1_350' title='bbox 769 3943 803 3998; x_wconf 92' lang='lat' dir='ltr'>de</span> <span class='ocrx_word' id='word_1_351' title='bbox 816 3942 1048 4014; x_wconf 88' lang='lat' dir='ltr'>praepositionis,</span> <span class='ocrx_word' id='word_1_352' title='bbox 1072 3949 1100 3996; x_wconf 92' lang='lat' dir='ltr'>ut</span> <span class='ocrx_word' id='word_1_353' title='bbox 1117 3943 1263 3998; x_wconf 86' lang='lat' dir='ltr'>materiam</span> <span class='ocrx_word' id='word_1_354' title='bbox 1280 3940 1329 3996; x_wconf 87' lang='lat' dir='ltr'>de·</span> 
     </span>
     <span class='ocr_line' id='line_1_42' title="bbox 246 4026 1329 4099; baseline -0.003 -17"><span class='ocrx_word' id='word_1_355' title='bbox 246 4028 353 4098; x_wconf 88' lang='lat' dir='ltr'>signet,</span> <span class='ocrx_word' id='word_1_356' title='bbox 375 4029 470 4099; x_wconf 92' lang='lat' dir='ltr'>paullo</span> <span class='ocrx_word' id='word_1_357' title='bbox 485 4030 574 4084; x_wconf 90' lang='lat' dir='ltr'>rarior</span> <span class='ocrx_word' id='word_1_358' title='bbox 589 4036 647 4096; x_wconf 90' lang='lat' dir='ltr'>est,</span> <span class='ocrx_word' id='word_1_359' title='bbox 670 4044 755 4098; x_wconf 88' lang='lat' dir='ltr'>quum</span> <span class='ocrx_word' id='word_1_360' title='bbox 769 4027 823 4082; x_wconf 89' lang='lat' dir='ltr'>hoc</span> <span class='ocrx_word' id='word_1_361' title='bbox 843 4044 929 4084; x_wconf 85' lang='lat' dir='ltr'>sensu</span> <span class='ocrx_word' id='word_1_362' title='bbox 944 4028 1031 4098; x_wconf 90' lang='lat' dir='ltr'>vulgo</span> <span class='ocrx_word' id='word_1_363' title='bbox 1046 4041 1084 4082; x_wconf 76' lang='lat' dir='ltr'>en:</span> <span class='ocrx_word' id='word_1_364' title='bbox 1098 4033 1234 4098; x_wconf 88' lang='lat' dir='ltr'>ponatur,</span> <span class='ocrx_word' id='word_1_365' title='bbox 1251 4026 1329 4084; x_wconf 82' lang='lat' dir='ltr'>velut</span> 
     </span>
     <span class='ocr_line' id='line_1_43' title="bbox 244 4107 1329 4182; baseline 0 -16"><span class='ocrx_word' id='word_1_366' title='bbox 244 4112 290 4167; x_wconf 87' lang='lat' dir='ltr'>Fr.</span> <span class='ocrx_word' id='word_1_367' title='bbox 307 4112 352 4179; x_wconf 84' lang='lat'>111,</span> <span class='ocrx_word' id='word_1_368' title='bbox 366 4117 410 4172; x_wconf 74' lang='lat'>26.</span> <span class='ocrx_word' id='word_1_369' title='bbox 427 4115 483 4170; x_wconf 75' lang='lat' dir='ltr'>Ex</span> <span class='ocrx_word' id='word_1_370' title='bbox 496 4116 612 4169; x_wconf 86' lang='lat' dir='ltr'>tatere</span> <span class='ocrx_word' id='word_1_371' title='bbox 625 4113 801 4168; x_wconf 84' lang='lat' dir='ltr'>munimento.</span> <span class='ocrx_word' id='word_1_372' title='bbox 833 4113 890 4169; x_wconf 82' lang='lat' dir='ltr'>Cic.</span> <span class='ocrx_word' id='word_1_373' title='bbox 908 4113 935 4166; x_wconf 92' lang='lat' dir='ltr'>in</span> <span class='ocrx_word' id='word_1_374' title='bbox 951 4107 1034 4168; x_wconf 82' lang='lat' dir='ltr'>Varr.</span> <span class='ocrx_word' id='word_1_375' title='bbox 1047 4113 1095 4179; x_wconf 88' lang='lat' dir='ltr'>IV,</span> <span class='ocrx_word' id='word_1_376' title='bbox 1107 4115 1152 4182; x_wconf 73' lang='lat'>27,</span> <span class='ocrx_word' id='word_1_377' title='bbox 1165 4113 1208 4170; x_wconf 70' lang='lat'>62.</span> <span class='ocrx_word' id='word_1_378' title='bbox 1224 4111 1329 4169; x_wconf 81' lang='lat' dir='ltr'>Pocula</span> 
     </span>
     <span class='ocr_line' id='line_1_44' title="bbox 245 4195 1330 4270; baseline -0.001 -19"><span class='ocrx_word' id='word_1_379' title='bbox 245 4211 462 4260; x_wconf 80' lang='lat' dir='ltr'>exauro;-</span> <span class='ocrx_word' id='word_1_380' title='bbox 485 4200 552 4256; x_wconf 91' lang='lat' dir='ltr'>ibid.</span> <span class='ocrx_word' id='word_1_381' title='bbox 576 4199 631 4254; x_wconf 82' lang='lat' dir='ltr'>Vas</span> <span class='ocrx_word' id='word_1_382' title='bbox 651 4198 787 4254; x_wconf 74' lang='lat' dir='ltr'>ciborium</span> <span class='ocrx_word' id='word_1_383' title='bbox 807 4212 851 4253; x_wconf 80' lang='lat' dir='ltr'>eoe</span> <span class='ocrx_word' id='word_1_384' title='bbox 870 4215 939 4254; x_wconf 80' lang='lat' dir='ltr'>orec</span> <span class='ocrx_word' id='word_1_385' title='bbox 961 4211 1091 4270; x_wconf 79' lang='lat' dir='ltr'>pemmo</span> <span class='ocrx_word' id='word_1_386' title='bbox 1106 4195 1330 4268; x_wconf 54' lang='lat' dir='ltr'>pergrande}</span> 
     </span>
     <span class='ocr_line' id='line_1_45' title="bbox 247 4279 1331 4355; baseline -0.003 -17"><span class='ocrx_word' id='word_1_387' title='bbox 247 4282 282 4338; x_wconf 90' lang='lat' dir='ltr'>ib.</span> <span class='ocrx_word' id='word_1_388' title='bbox 293 4285 387 4350; x_wconf 79' lang='lat'>28‚64.</span> <span class='ocrx_word' id='word_1_389' title='bbox 408 4283 610 4342; x_wconf 80' lang='lat' dir='ltr'>Candelabrum</span> <span class='ocrx_word' id='word_1_390' title='bbox 626 4283 793 4355; x_wconf 82' lang='lat' dir='ltr'>epemmis</span> <span class='ocrx_word' id='word_1_391' title='bbox 806 4283 1037 4340; x_wconf 83' lang='lat' dir='ltr'>clarissimis.</span> <span class='ocrx_word' id='word_1_392' title='bbox 1058 4282 1095 4336; x_wconf 85' lang='lat' dir='ltr'>ci.</span> <span class='ocrx_word' id='word_1_393' title='bbox 1106 4281 1143 4336; x_wconf 81' lang='lat' dir='ltr'>ad</span> <span class='ocrx_word' id='word_1_394' title='bbox 1154 4280 1215 4353; x_wconf 87' lang='lat' dir='ltr'>lug.</span> <span class='ocrx_word' id='word_1_395' title='bbox 1229 4279 1331 4350; x_wconf 79' lang='lat' dir='ltr'>nhill,</span> 
     </span>
    </p>
   </div>
   <div class='ocr_carea' id='block_1_4' title="bbox 0 0 1556 4956">
    <p class='ocr_par' dir='ltr' id='par_1_12' title="bbox 0 0 1556 4956">
     <span class='ocr_line' id='line_1_46' title="bbox 0 0 1556 4956; baseline 0 3"><span class='ocrx_word' id='word_1_396' title='bbox 0 0 1556 4956; x_wconf 95' lang='lat' dir='ltr'> </span> 
     </span>
    </p>
   </div>
  </div>
 </body>
</html>
