3098 4970
236 375 297 440 1³2
597 380 626 438 G.
650 378 822 436 SALLUSTI
844 377 957 436 cnlsrr

340 571 389 636 18.
430 566 544 658 Neque
580 566 729 658 virgines
761 568 900 656 nuptum
933 563 1174 656 aparentibus
1211 565 1325 636 mitte-

236 679 368 775 bantur,
399 690 459 760 sed
485 691 577 782 ipsae
605 691 681 761 belli
708 691 985 782 promptissumos
1011 689 1219 782 delegabant.

339 818 389 885 19.
429 815 627 908 [Sallaecus
652 815 720 908 oei]
750 817 973 906 Hispanorum
992 837 1116 886 morem
1140 815 1264 901 luisse,
1287 818 1324 884 ut

234 1075 263 1131 p.
276 1062 339 1126 203,
353 1062 397 1117 29.
419 1057 502 1114 Debr.
524 1055 557 1124 ΙΙ,
573 1057 649 1124 lib]
689 1056 808 1124 Locum,
835 1058 882 1128 qui
906 1064 995 1112 exstat
1018 1057 1094 1130 apud
1109 1058 1210 1127 Veget.
1236 1052 1323 1108 dere

233 1143 291 1200 mil.
309 1143 329 1211 Ι,
345 1149 383 1212 9.,
405 1159 460 1198 non
474 1141 662 1212 praestiterim
680 1141 844 1198 insecundo
859 1143 929 1200 libro
946 1143 1050 1215 luisse,
1081 1157 1166 1214 quum
1185 1140 1323 1196 sententia

227 1229 296 1290 ¹talis
313 1229 362 1296 sit,
388 1244 460 1299 quae
482 1227 509 1282 in
526 1227 627 1297 quovis
644 1227 699 1282 alio
714 1227 802 1282 obiter
817 1228 939 1298 potuerit
952 1229 1083 1299 proferri.
1115 1224 1173 1282 Sed
1190 1225 1215 1280 si
1230 1225 1322 1278 inre-
1376 1255 1379 1261 ·

234 1314 286 1368 bus
307 1319 363 1368 tarn
384 1313 499 1368 incertis
521 1313 590 1373 satis
611 1312 694 1368 luerit
714 1312 834 1383 aliquam
856 1313 1079 1383 probabilitatem
1098 1315 1224 1366 secutum
1247 1323 1321 1375 csse,
1358 1314 1362 1324 “

233 1414 290 1454 non
307 1399 368 1454 sine
385 1399 445 1452 veri
465 1396 560 1468 speeie
580 1397 660 1452 nobis
680 1395 810 1452 videmur
829 1398 968 1453 coniicere
985 1387 1147 1454 Sallustium
1163 1395 1256 1450 statim
1272 1392 1323 1448 ini-

233 1484 270 1538 tio
290 1482 374 1539 huius
392 1483 454 1538 libri
470 1480 642 1552 prodidisse,
658 1482 759 1552 quibus
775 1482 881 1537 artibus
897 1483 1064 1554 Pompeius,¹
1086 1481 1197 1536 Metello
1217 1479 1321 1534 auxilio

232 1569 354 1634 missus,
377 1567 407 1622 id
422 1566 535 1620 allicere
554 1565 705 1634 studuerit,
727 1573 758 1620 ut
770 1567 886 1628 meliore
902 1583 1039 1622 successu
1054 1571 1151 1624 contra
1166 1563 1320 1620 Sertorium

233 1657 383 1723 pugnaret.
412 1652 453 1708 De
469 1651 611 1706 exercitiis
627 1651 795 1706 militaribus
811 1667 837 1708 v.
853 1651 978 1722 Lipsium
995 1651 1030 1706 de
1042 1651 1122 1706 Milit.
1139 1649 1219 1706 Rom.
1234 1649 1270 1713 V,
1279 1652 1322 1706 14.

232 1753 262 1807 p.
276 1740 329 1794 306
344 1753 407 1808 sqq.
423 1737 586 1806 Nieupoort.
603 1734 639 1790 de
655 1735 708 1790 Rit.
720 1735 801 1790 Rom.
812 1735 848 1804 V,
860 1741 885 1802 6,
899 1741 928 1796 8.
942 1753 970 1807 p.
982 1741 1045 1795 386
1062 1736 1107 1789 ed.
1120 1733 1168 1790 IX.
1192 1732 1322 1788 Creuzer.

232 1821 377 1892 Antiquitt.
394 1820 475 1876 Rom.
493 1825 520 1884 9.
534 1823 596 1884 266.
618 1837 648 1891 p.
662 1822 725 1878 392.
746 1820 792 1875 ed.
810 1821 841 1876 ΙΙ.
873 1821 990 1877 Alacres
1010 1820 1127 1876 Colerus
1147 1820 1218 1874 bene
1235 1819 1322 1874 inter-

232 1911 356 1976 pretatur
377 1905 519 1976 expeditos
539 1910 566 1960 ot
578 1904 618 1958 ad
629 1905 783 1960 saliendum
796 1909 886 1977 aptos.
910 1931 949 1942 -
970 1906 1010 1962 De
1033 1906 1061 1961 vi
1082 1905 1163 1961 octos
1184 1904 1263 1958 vocis
1285 1903 1321 1958 cl.

232 1995 365 2045 annotata
383 1989 421 2045 ad
436 1990 497 2060 lug.
516 2007 542 2044 c.
556 1988 642 2058 XVII,
657 1994 682 2048 6.
697 1994 844 2061 p.104sq.
866 2019 909 2030 -
934 1990 1038 2048 Vecte
1053 1993 1165 2046 certare
1180 2005 1235 2044 non
1251 1989 1321 2044 alias

232 2080 415 2130 memoratum
437 2075 539 2146 legitur
560 2075 631 2130 inter
645 2080 781 2130 consueta
801 2075 918 2130 rnilitum
939 2076 1090 2144 exercitia,
1112 2090 1204 2146 neque
1223 2090 1258 2131 ex
1274 2089 1323 2128 no-

229 2165 290 2216 stro
306 2162 367 2214 loco
385 2161 504 2232 colligas
520 2165 627 2216 certum
649 2159 764 2231 aliquod
779 2161 987 2216 exercitationis
1002 2177 1094 2232 genus
1112 2161 1201 2216 luisse
1219 2161 1255 2222 ab
1267 2159 1321 2214 hac

231 2261 303 2300 voce
321 2251 522 2318 nunc'upatum.
562 2242 622 2301 Sed
638 2245 771 2315 quoniam
786 2245 876 2302 vectis
900 2261 954 2317 ope
978 2261 1098 2319 magnae
1114 2246 1204 2302 moles
1224 2249 1252 2297 et
1269 2243 1320 2297 im-

230 2329 393 2401 pedimenta
420 2332 637 2401 amovebantur,
667 2329 744 2401 quod
766 2346 823 2386 non
845 2330 906 2384 sine
930 2331 1041 2402 magnis
1064 2330 1192 2402 corporis
1213 2329 1320 2384 viribus

231 2430 323 2486 neque
345 2416 407 2470 sine
424 2416 482 2470 acri
500 2414 676 2470 contentione
691 2413 754 2470 fieri
768 2420 892 2486 poterat,
915 2413 1065 2472 Sallustius
1082 2414 1137 2470 hoc
1159 2418 1264 2470 tentum
1281 2411 1322 2470 di-

228 2499 278 2568 oit,
296 2500 453 2571 ubieunque
468 2515 515 2554 res
529 2504 662 2569 posceret
675 2499 838 2570 Pompeium
854 2500 903 2554 et
896 2516 990 2571 ipsum
1006 2513 1120 2556 manum
1137 2499 1210 2556 vecti
1226 2497 1321 2553 admo-

231 2584 325 2651 visse,
347 2600 401 2654 quo
417 2583 548 2638 militibus
563 2584 708 2653 probaret,
732 2601 764 2638 se
784 2584 891 2656 ingenii
911 2584 1015 2656 pariter
1032 2588 1114 2656 atque
1131 2584 1258 2655 corporis
1281 2583 1321 2636 vi·

231 2667 308 2722 ribus
324 2669 462 2734 excellere
479 2683 512 2722 ac
527 2668 610 2724 nullis
626 2684 682 2724 non
696 2668 810 2728 nnlitiae
825 2667 927 2724 officiis
943 2669 1117 2726 sustinendis
1133 2684 1230 2740 parem
1246 2684 1320 2724 esso.

232 2751 315 2818 Quod
335 2759 468 2823 quantum
484 2755 591 2808 valeret
606 2751 643 2808 ad
658 2753 775 2808 militum
790 2769 914 2809 amorem
939 2754 1098 2825 imperatori
1114 2753 1320 2811 conciliandum

230 2842 346 2893 testatur
367 2837 560 2894 Plutarchus
554 2855 582 2893 1n
598 2838 734 2894 Marioc
751 2842 789 2906 7.,
811 2845 883 2892 extr
900 2826 1079 2894 Ήδιστον
1101 2831 1139 2895 db
1149 2826 1320 2934 Ρωμαίῳ

231 2913 355 2996 θέαμα
370 2910 580 3063 στρατιώτῃ
595 2907 800 3018 στρατηγὸς
821 2916 933 2979 ἐσθίων
948 2911 1011 2978 ἕν”
994 2932 1064 2996 orbec
1078 2909 1180 2982 κοινὸν
1196 2907 1321 2999 ἅρτονῆ

230 3000 466 3100 τατακείμενοςέ
465 3023 500 3063 ττι
490 2999 651 3084 στιβάδος
665 2993 811 3101 εὐτελοῦς,
832 2993 952 3084 sinapi
974 3004 1159 3082 ταφρείαν
1174 3001 1236 3064 καὶ
1256 3024 1319 3081 χα-

231 3078 397 3166 ράκωσιν
413 3087 525 3168 ἔργον
547 3081 886 3164 συνεφαπτόμενος.
918 3093 1011 3148 Verba
1026 3092 1122 3165 Neque
1136 3095 1264 3148 τοῖσι*
1282 3090 1321 3146 od

223 3179 348 3248 proebe,
372 3195 445 3249 quae
463 3178 542 3234 uncis
560 3178 740 3245 inclusimus,
764 3193 820 3230 non
835 3175 960 3233 Sallustii
979 3194 1043 3234 esse
1060 3177 1171 3244 iudico,
1195 3176 1248 3233 sed
1263 3176 1320 3229 Ve-

229 3263 307 3332 getii.
332 3261 408 3320 Talis
425 3264 497 3318 enim
514 3262 676 3318 observatio
688 3265 860 3331 quantopere
875 3277 926 3332 per
942 3278 973 3316 sc
988 3263 1081 3334 ipsae
1095 3261 1210 3334 Crispi'
1203 3263 1318 3334 ingenio

227 3345 320 3400 aliena
336 3347 386 3414 sit,
405 3348 513 3417 quivis,
534 3347 581 3416 qui
597 3361 661 3400 eum
677 3340 975 3420 accuratius'noverit,
993 3347 1140 3419 intelliget.
1171 3346 1241 3401 Turn
1256 3358 1318 3400 eam

229 3435 391 3499 suspectam
411 3428 503 3485 reddit
523 3430 658 3485 iudicium
680 3427 715 3483 de
732 3429 868 3501 Pompeio
892 3430 1140 3501 honorificentiuS,
1162 3446 1245 3503 quam
1265 3447 1318 3502 pto

230 3510 355 3568 Sallustii
375 3515 403 3570 in
423 3530 488 3570 eum
510 3515 618 3582 animo,
647 3514 751 3584 quippe
772 3516 820 3585 qui
842 3531 983 3587 nunquam
1005 3516 1168 3588 Pompeium
1192 3515 1317 3572 Sertorio

228 3613 326 3666 parem
346 3597 486 3654 babuerit.
523 3599 650 3670 Denique
674 3598 736 3670 ipsa
754 3602 858 3668 verba,
887 3601 1025 3672 imprimis
1045 3603 1091 3656 tce
1114 3616 1269 3672 pronomen
1291 3605 1319 3654 et

228 3682 331 3737 locutio
348 3698 532 3756 praeparare
551 3698 581 3740 se
601 3685 639 3739 ad
653 3685 762 3756 proclia
791 3685 970 3756 interpretem
991 3686 1084 3757 potius
1108 3684 1233 3742 Sallustii
1254 3701 1318 3758 pro-

230 3764 318 3836 dunt,
339 3784 422 3839 quam
439 3767 602 3824 Sallustium
617 3770 719 3841 ipsum.

311 3853 358 3908 Fr.
380 3858 423 3910 18.
460 3851 546 3922 [Cort.
566 3871 594 3926 p.
611 3859 673 3915 959.
697 3854 770 3910 Gerl.
790 3854 836 3909 ed.
858 3855 923 3910 mai.
946 3855 978 3921 ll,
1001 3859 1045 3912 26.
1071 3853 1117 3912 ed.
1134 3856 1201 3910 min.
1224 3854 1257 3922 ΙΙ,
1271 3858 1317 3912 26.

226 3953 253 4008 p·
268 3941 329 4008 201,
346 3942 391 3998 27.
412 3937 494 3994 Debr.
514 3939 545 4008 Π,
564 3939 639 4007 llo]
674 3940 783 4008 Verba,
806 3955 878 4011 quae
895 3941 1023 4011 leguntur
1041 3940 1117 4011 apud
1132 3939 1266 3996 Arusian.
1288 3955 1317 3994 v.

221 4031 384 4094 promptus,
400 4022 602 4094 pacciana,
625 4030 720 4095 aperte
737 4029 872 4078 testantur
890 4023 1053 4080 Sallustium
1069 4025 1097 4078 in
1112 4026 1182 4080 libro
1197 4023 1318 4080 comendo

228 4105 264 4160 dc
281 4107 467 4178 Hispanorum
482 4109 596 4180 ingenio
614 4115 697 4180 atque
714 4109 838 4164 moribus
861 4108 1048 4176 disseruisse,
1072 4125 1156 4180 quarn
1179 4111 1214 4165 ob
1235 4125 1316 4164 eaus-

228 4207 288 4244 sam
304 4193 386 4247 etiam
401 4186 457 4246 duo
473 4197 618 4265 sequentia
635 4194 803 4264 Fragmenta
821 4209 856 4248 ex
872 4192 992 4252 [neena
1006 4193 1060 4248 huc
1077 4194 1224 4250 maximus.
1255 4193 1318 4262 Qua

225 4282 304 4346 parte
321 4276 382 4332 libri
402 4275 471 4334 baec
488 4277 629 4350 digressio
647 4277 782 4343 incasit,
800 4276 953 4335 decernere
968 4293 1025 4336 non
1038 4278 1148 4347 συείοις
1169 4277 1223 4334 sed
1238 4294 1255 4334 a
1268 4293 1317 4334 ve-
