3096 4962
217 429 225 434 “
249 421 291 492 42
611 426 641 486 C.
663 425 837 486 snttusrl
858 423 974 486 oursel

248 621 385 712 optumo
399 615 471 688 iure
486 615 578 687 liberi
592 637 705 708 agere,
727 617 898 708 praeclara
911 617 1089 688 Brutorum
1103 617 1203 709 atque
1216 615 1361 687 Aemi-a

248 745 367 815 tiorum
389 747 424 814 el
441 741 645 813 Lutatiorum
667 744 796 834 proles,
820 744 924 836 geniti
946 743 988 814 ad
1007 765 1062 829 ca,
1085 763 1172 837 quae
1192 741 1336 812 maiores

247 871 370 941 virtute
389 891 558 962 peperere,
582 868 830 939 subvortundat
856 870 939 940 Nam
952 865 1030 962 quld
1045 891 1066 938 a
1082 865 1223 960 Pyrrho,
1239 869 1362 945 Han-4

248 995 372 1082 nibale,
393 993 613 1091 Philippoque
634 998 667 1067 et
685 995 850 1068 Antiocho
865 996 1040 1067 defensum
1055 996 1107 1066 est
1126 993 1215 1066 aliud
1237 1015 1336 1092 quam

141 1217 143 1226 ’
248 1203 367 1282 obtinet,
383 1203 466 1259 etiam
482 1204 511 1258 in
529 1205 608 1276 prius
626 1205 772 1260 translato.
790 1233 828 1246 -
859 1203 1008 1275 arcuque
1029 1217 1070 1257 sc.
1088 1202 1227 1258 demutari
1245 1206 1335 1260 larus

248 1307 282 1344 ac
297 1290 377 1346 simul
397 1290 452 1361 ipsi
470 1291 584 1346 seruire.
615 1289 677 1345 Non
699 1305 771 1362 opus
793 1295 836 1344 est
858 1289 943 1361 igitur
958 1288 1120 1343 coniectura
1135 1287 1228 1344 Bothii
1243 1290 1335 1344 Praei.

247 1391 275 1446 p.
298 1374 344 1430 IX.
368 1379 505 1447 uacunque
524 1374 705 1432 scribendum
722 1391 787 1431 esse
803 1373 961 1442 censentis,
983 1371 1060 1445 quod
1077 1374 1181 1428 nollem
1195 1373 1264 1429 mihi
1288 1376 1338 1429 ali-

249 1459 362 1532 quando
385 1460 476 1532 magis
499 1476 582 1533 quam
611 1460 740 1516 codicum
764 1461 912 1516 lectionem
933 1458 1087 1531 placuisse.
1108 1485 1152 1498 -
1185 1460 1240 1513 Pro
1259 1457 1355 1522 libert.

248 1544 357 1602 Cortius
372 1545 496 1618 pessime
512 1547 626 1616 scripsit
642 1541 735 1615 tibere,
753 1545 830 1616 quod
845 1560 936 1618 neque
955 1545 983 1599 in
997 1543 1082 1603 codd.
1098 1549 1157 1611 est,
1174 1549 1201 1600 et
1216 1543 1336 1600 alienam

248 1632 415 1686 sententiam
431 1631 531 1698 inlert;
554 1645 619 1685 nam
641 1631 726 1686 tibere
739 1645 823 1703 opere
840 1629 983 1702 significat
999 1633 1046 1683 aut
1060 1633 1158 1702 operte
1178 1635 1205 1684 ct
1217 1643 1282 1686 vere
1297 1631 1337 1685 to-
1371 1666 1376 1670 -

248 1718 304 1787 qut,
319 1721 367 1768 aut
380 1717 418 1769 iaz
433 1721 464 1770 ut
477 1715 579 1770 Ιίὺίίιιιη
596 1721 637 1770 est
646 1729 677 1770 ae
690 1730 790 1786 perere
797 1737 806 1778 ,·
822 1722 920 1771 contra
934 1713 1013 1770 libert
1025 1729 1109 1787 opere
1123 1715 1199 1769 valet
1214 1715 1338 1770 bbcrtcte

247 1799 317 1871 frui,
333 1800 409 1871 quod
423 1805 537 1872 propter
552 1799 768 1872 praecedentem
781 1803 886 1857 servitui
898 1800 1066 1854 mentionem
1079 1801 1161 1856 unice
1172 1817 1271 1856 vuum
1286 1807 1337 1856 est

333 1889 360 1950 S.
380 1889 407 1944 3.
428 1887 455 1942 4.
495 1885 648 1941 Brutorum
669 1891 751 1958 atque
777 1885 954 1943 Aemtlrorum
979 1890 1006 1940 et
1026 1884 1197 1942 luteum
1220 1887 1337 1956 proies)

250 1971 312 2024 Non
329 1971 367 2025 ita
381 1969 434 2026 hos
452 1970 615 2037 nominavit,
637 1975 667 2025 ut
682 1971 846 2026 universam
860 1976 972 2044 gentem
988 1970 1169 2042 significaret,
1192 1971 1244 2026 sed
1259 1973 1336 2027 Bru-

249 2062 290 2110 tos
305 2054 383 2122 dixit,
406 2061 434 2110 ut
455 2061 593 2128 pungeret
616 2055 649 2111 D.
668 2057 776 2112 lunium
792 2056 916 2125 Brutum,
939 2057 1083 2128 sequentis
1099 2057 1165 2111 anni
1180 2058 1336 2124 consulem,

164 2147 167 2154 ’
250 2140 285 2194 de
303 2157 358 2211 quo
373 2157 400 2197 v.
416 2138 473 2196 Cio.
489 2141 566 2196 Brut.
582 2143 626 2210 47,
646 2144 713 2210 1753
732 2142 867 2212 alendus,
885 2146 914 2197 ut
930 2147 1039 2198 notaret
1056 2143 1228 2198 Mamercum
1244 2143 1338 2198 Aemi-

139 2279 144 2284 ,
237 2227 316 2284 ,Ιίιιιιι
335 2225 487 2298 Lepidum,
510 2226 587 2281 Bruti
603 2228 741 2300 collegam
751 2243 759 2296 ;
777 2228 922 2297 .‹Lutattos,
942 2233 973 2283 ut
989 2227 1130 2283 morderet
1148 2227 1182 2296 Q.
1198 2228 1336 2283 Lutatium

250 2309 392 2379 Catulum,
422 2313 560 2384 collegam
584 2329 681 2380 suum,
712 2313 759 2384 qui
787 2329 885 2369 omnes
916 2312 1048 2370 aSutlae
1069 2313 1193 2384 partibus
1216 2311 1336 2368 stabant.

250 2395 379 2452 Celerum
394 2399 485 2465 colon,
504 2413 558 2468 quo
574 2397 645 2453 haec
660 2401 749 2454 verba
771 2415 788 2454 a
804 2395 1039 2469 praecedentibus
1056 2398 1292 2469 seiungebantur,
1308 2399 1336 2453 in

251 2497 361 2536 comnia
377 2482 556 2549 mutavimus,
574 2497 659 2554 quum
674 2499 731 2538 non
748 2482 834 2539 dubia
849 2485 885 2539 sit
899 2483 1085 2554 appositionis
1099 2483 1179 2538 ratio.
1198 2511 1232 2522 -
1253 2483 1336 2550 Quod

251 2565 288 2621 ad
303 2567 518 2623 constructionis
530 2569 738 2640 ambiguitatem
755 2569 858 2639 attinet,
880 2583 937 2639 qua
953 2585 971 2622 c
982 2567 1156 2639 praepositio
1179 2583 1236 2620 non
1250 2571 1330 2624 octio-

250 2667 312 2706 uem
333 2651 434 2724 Pyrrhi
459 2658 486 2708 et
505 2658 662 2708 ceterorum
682 2653 828 2725 designat,
859 2651 1000 2709 sedanda
1020 2654 1154 2708 coaluerit
1168 2653 1336 2724 perlem,

157 2743 164 2748 '
251 2736 327 2808 quod
341 2735 462 2794 Romani
475 2739 684 2810 propulsarunt,
700 2737 814 2806 indicat,
831 2737 958 2794 Handius
975 2736 1011 2793 de
1024 2737 1143 2792 Particc.
1157 2738 1218 2794 Lat.
1231 2737 1297 2793 Vol.
1315 2739 1337 2793 l.

249 2840 277 2894 p.
297 2827 341 2880 31.
360 2827 435 2878 recte
455 2824 605 2892 observat,
624 2826 714 2879 bonos
735 2825 888 2896 scriptores
910 2824 1023 2878 omnino
1046 2837 1163 2889 cavere,
1186 2839 1221 2876 ne
1244 2823 1272 2878 io
1288 2822 1336 2879 tali

250 2908 456 2964 constructione
465 2907 636 2982 'perronam
667 2925 688 2962 u·
704 2923 760 2981 qua
774 2909 879 2983 aliquid
889 2909 996 2982 factum
1014 2909 1061 2978 ait,
1080 2912 1190 2975 notent,
1208 2907 1260 2963 scd
1276 2926 1336 2963 rem

253 2998 301 3048 aut
314 3009 484 3068 personam,
499 2994 572 3050 uum
588 2994 694 3068 atqu&
706 3001 830 3068 petatur.
853 2996 893 3051 De
910 2995 1015 3067 duplici
1032 2997 1171 3049 structura
1188 2994 1268 3050 verbi
1286 2995 1336 3050 de-

248 3079 360 3154 fensum
379 3085 434 3149 cat,
455 3079 500 3135 cui
514 3079 635 3150 primum
652 3082 829 3154 subiungitur
848 3093 962 3149 nomen,
984 3085 1042 3134 tum
1064 3080 1219 3135 mactatio
1232 3080 1335 3151 fistula,

250 3183 280 3221 v.
298 3164 335 3220 ad
353 3163 412 3222 Cat.
422 3166 457 3234 V,
473 3169 501 3224 9.
518 3171 546 3219 et
568 3165 604 3219 ad
620 3166 682 3237 lug.
702 3167 728 3230 l,
744 3171 771 3223 t.
789 3195 831 3204 -
853 3163 915 3220 Neu
931 3164 1023 3220 Faber
1039 3164 1110 3219 laiso
1127 3169 1224 3220 censet
1237 3165 1334 3219 relerri

251 3251 289 3306 ad
303 3257 452 3322 negantem
469 3249 636 3305 sententiam
656 3250 835 3320 praegressis
855 3253 1029 3317 contentam
1052 3263 1154 3304 sensus
1172 3250 1266 3321 potius
1288 3248 1334 3304 hic

250 3341 309 3390 est:
327 3334 394 3405 quid
409 3333 609 3389 certaminibus
621 3348 684 3386 curn
702 3332 810 3404 Pyrrho
827 3365 863 3376 -
883 3332 959 3388 aliud
976 3335 1183 3405 quaesivimus,
1206 3351 1289 3405 quam
1305 3339 1336 3390 ut

250 3419 401 3473 libertatem
412 3421 572 3472 tueremur?
587 3417 622 3472 cl.
637 3417 703 3489 lug.
715 3416 815 3487 cvm:
829 3423 855 3475 2.
874 3417 961 3474 Tacit.
979 3419 1054 3474 Ann.
1070 3419 1103 3492 ΙΙ,
1120 3423 1163 3488 lt,
1182 3426 1207 3478 1.

165 3498 166 3501 ’
336 3505 361 3568 s.
377 3507 405 3559 b.
425 3503 554 3571 reamur)
575 3501 654 3557 Hane
677 3503 824 3558 lectionem
843 3505 1006 3576 nouaclum
1026 3507 1137 3560 tuentur
1158 3503 1242 3560 codd.
1259 3505 1332 3563 Vatt.
1388 3507 1389 3510 ’

252 3592 277 3646 1.
294 3591 330 3655 3.,
348 3586 400 3642 sed
416 3589 500 3644 ctiam
516 3586 635 3644 Servius
649 3587 686 3643 ad
701 3588 781 3661 Virg.
797 3589 856 3644 Ecl.
871 3579 985 3657 lll,13.'‚
1003 3590 1049 3661 qui
1063 3589 1251 3662 virgilianum
1267 3590 1334 3645 illud

246 3682 420 3745 percerte
433 3672 564 3730 Menalca
580 3679 713 3744 respectu
733 3674 835 3730 nobilis
851 3674 998 3730 cuiusdam
1015 3675 1160 3731 Menalcae
1176 3676 1214 3730 ita
1230 3673 1334 3730 dictum

252 3759 304 3825 ait,
325 3761 355 3812 ut
376 3757 452 3829 apud
475 3755 639 3816 Sallustium
666 3759 816 3816 scuebua
841 3755 902 3816 iste'
915 3760 1057 3816 Romulia.
1095 3759 1228 3816 Seuerum
1260 3759 1334 3814 enlm

151 3910 155 3918 Ι
251 3843 352 3898 dextro
371 3844 532 3916 oppositum
556 3844 686 3899 translate
707 3844 783 3899 idem
806 3851 848 3900 est
870 3850 952 3918 atque'
967 3848 1150 3914 contrarium,
1172 3846 1233 3900 sive
1246 3847 1275 3901 tn
1290 3847 1331 3900 ct-

252 3933 341 3984 terum
350 3934 463 4000 purtem
477 3927 621 3984 detortum
664 3929 698 3984 Ut
714 3929 798 4002 igitur
813 3928 949 3988 Romulus
966 3931 1043 3987 urbis
1062 3930 1187 3986 conditor
1209 3931 1274 3999 luit,
1297 3933 1334 3986 ita

252 4012 346 4082 Sulla,
370 4015 417 4086 qul
436 4014 547 4086 legibus
563 4015 625 4070 latis
645 4015 845 4086 rempublicam
865 4017 1060 4072 labefactatam
1081 4016 1236 4072 restituisse
1259 4033 1289 4072 se
1307 4020 1334 4070 et

254 4101 334 4170 quasi
351 4099 443 4154 denuo
459 4097 622 4155 condidisse
643 4100 814 4170 gloriabatur
828 4102 870 4170 (v.
887 4099 944 4158 Cic.
959 4117 988 4173 p.
1004 4101 1088 4156 Rosa.
1106 4101 1170 4155 Am.
1185 4103 1229 4169 47,
1247 4102 1332 4168 157),

251 4199 388 4256 perquam
405 4187 506 4241 acerbe
528 4201 545 4238 a
559 4183 665 4258 Lepido
679 4197 795 4241 acuemus
807 4185 943 4244 Romubrs
962 4187 982 4240 i.
997 4201 1022 4240 e.
1039 4185 1157 4240 Romulo
1181 4185 1334 4242 dissimilli-

252 4285 316 4325 mus
332 4269 393 4328 sive
414 4259 708 4342 raputtcae'ccersor
720 4277 852 4329 uocatur.
895 4272 972 4327 Hanc
987 4271 1166 4327 verissimam
1182 4273 1236 4326 toci
1251 4273 1334 4326 ratio·

253 4369 318 4417 uem
340 4369 396 4410 non
418 4355 541 4412 assecuti
561 4355 685 4412 editores
706 4372 740 4415 ex
762 4357 855 4416 Vatia.
876 4362 904 4416 Ἰ.
926 4357 1098 4429 scripserunt
1115 4369 1228 4429 amus,
1252 4357 1332 4432 quasi
