3102 4956
455 364 704 425 HISTORIARUM
725 363 959 424 FRAGMENTA.
997 363 1063 420 LIB.
1084 363 1131 419 lll.
1271 353 1333 422 lud

243 553 369 628 scentia
385 553 485 628 ductu
503 573 578 624 meo
596 551 834 626 scelestissumi
856 551 971 623 hostes
991 549 1074 634 lusi,
1098 553 1131 622 et
1150 548 1246 622 vobis
1268 571 1329 622 sa-

243 679 297 752 lus
319 679 468 776 quaesita
486 683 554 766 est,
578 677 658 750 nihil
679 677 821 770 amplius
837 677 871 750 in
890 678 1060 751 absentem
1077 697 1129 748 me
1148 675 1328 748 statuisse-

244 889 310 960 quin
337 889 474 960 epistolae
497 906 513 944 a
536 886 667 946 Sallustio
694 885 834 941 exhibitae
856 889 1050 957 argumentum
1069 885 1152 957 plane
1171 901 1234 940 cum
1256 883 1326 957 ipsis

242 973 368 1045 Pompeii
382 973 479 1030 litterls
501 975 640 1046 congruat
656 973 705 1040 (ol.
728 971 880 1026 Dromanni
896 969 966 1025 llist.
983 969 1063 1026 Rom.
1081 970 1145 1026 Vol.
1159 969 1209 1026 lV.
1227 987 1257 1042 p.
1275 975 1326 1032 361

242 1060 308 1130 sq.),
329 1063 421 1116 tamen
436 1061 524 1118 uerba
541 1065 624 1130 atque
641 1055 922 1136 universa-orationis
940 1055 1030 1112 torma
1047 1057 1175 1115 consulto
1196 1055 1233 1114 ita
1250 1073 1326 1114 oom—
1397 1049 1399 1054 ’

241 1146 339 1216 parata
362 1149 441 1212 sunt,
470 1150 499 1200 ut
515 1148 650 1216 appareat
671 1147 813 1196 auctorem
834 1140 907 1196 hanc
931 1141 1078 1212 epistolam
1101 1142 1278 1214 arrogantiae
1299 1149 1326 1197 et

242 1226 330 1284 tostus
351 1229 493 1301 Pompeii,
517 1242 600 1300 quem
623 1221 735 1294 oderat,
763 1225 875 1298 insigne
893 1223 1090 1281 documentum
1107 1231 1220 1282 exstare
1248 1229 1326 1284 volu-

241 1314 309 1368 isse.
353 1313 424 1368 Nam
447 1330 532 1384 quum
557 1313 603 1368 ille
629 1311 764 1366 exercitui
788 1310 961 1382 reipublicae
981 1317 1128 1382 praeesset
1150 1318 1177 1367 et
1196 1328 1247 1383 pro
1273 1330 1326 1385 po-

240 1398 299 1470 puli
320 1398 430 1454 romam
445 1398 562 1469 imperio
577 1397 681 1452 bellum
693 1402 821 1467 gereret,
836 1409 888 1467 per
910 1399 995 1450 totam
1009 1395 1157 1467 epistolem
1173 1413 1204 1451 se
1229 1402 1258 1452 ut
1273 1398 1326 1454 do-

240 1483 346 1537 minum
367 1483 438 1554 gerit
455 1481 635 1553 reipublicae,
657 1497 710 1538 sua
727 1482 755 1536 in
769 1497 857 1552 remp.
876 1480 975 1538 merita
995 1495 1082 1552 supra
1099 1479 1215 1538 modum
1232 1487 1325 1556 auget,

241 1565 389 1622 Hannibali
406 1585 436 1624 se
453 1567 591 1639 praefert,
615 1565 748 1622 victorias
773 1582 840 1623 suas
860 1567 888 1622 in
905 1567 1017 1622 coetum
1031 1565 1122 1636 ellert,
1139 1564 1175 1622 de
1190 1567 1325 1624 universo

240 1652 314 1708 betto
327 1668 360 1706 ao
378 1651 415 1708 de
426 1653 552 1708 exercitu
567 1659 595 1708 ut
613 1669 664 1708 suo
681 1651 809 1723 loquitur,
825 1657 968 1722 postremo
984 1651 1097 1708 senatui
1110 1650 1188 1710 haud
1204 1654 1325 1712 obscure

239 1737 370 1806 minatur,
382 1738 436 1794 nisi
454 1737 602 1810 pecuniam
617 1736 713 1804 mittat,
737 1751 801 1794 oum
816 1737 941 1793 exercitu
957 1737 1059 1792 infesto
1075 1753 1107 1793 se
1126 1737 1244 1794 Romam
1259 1755 1326 1796 ven·

240 1827 341 1877 turum.
386 1823 463 1891 Quae
478 1822 566 1877 oratio
586 1823 650 1878 talis
669 1827 729 1890 est,
750 1827 780 1877 ut
800 1821 891 1878 cuivis
911 1827 1006 1894 pateat
1022 1839 1114 1894 neque
1138 1830 1220 1880 antea
1237 1825 1325 1882 ullum

239 1905 433 1978 imperatorem
452 1909 490 1963 ita
504 1908 579 1980 toqui
594 1923 695 1963 ausum
709 1924 783 1976 esse,
798 1907 995 1979 etPompeium
1007 1908 1062 1965 iam
1074 1915 1130 1966 tum
1144 1927 1194 1968 eos
1208 1912 1323 1984 spiritus

238 1992 405 2064 sumpsisse,
426 1993 527 2064 quibus
542 2009 593 2064 per
614 1993 748 2048 relicuom
761 1992 847 2048 vitam
864 1993 1036 2065 reipublicae
1049 1994 1203 2052 insultavit.

323 2081 348 2142 s.
367 2083 391 2135 l.
402 2079 528 2149 pastis)
550 2078 626 2133 llaec
640 2077 795 2134 accusativi
810 2077 899 2132 torma
910 2078 938 2134 in
953 2079 1016 2134 Vat.
1034 2085 1057 2137 l.
1071 2085 1098 2138 2.
1113 2083 1219 2148 exstet3
1237 2081 1322 2154 vulgo

231 2167 351 2232 penam
371 2162 479 2232 editur;
495 2163 531 2219 ot.
545 2161 583 2218 ad
599 2161 676 2218 Catil.
686 2162 710 2233 Ι,
723 2168 748 2220 1.
771 2191 815 2204 --
835 2164 888 2218 Pro
904 2168 953 2218 tot
965 2163 1081 2231 labores,
1098 2163 1175 2234 quod
1189 2164 1217 2220 in
1236 2164 1321 2221 codd.

237 2252 289 2314 est,
312 2246 379 2302 inde
397 2249 432 2303 ab
446 2247 549 2303 Ursino
571 2247 696 2303 nonnulli
711 2246 836 2304 editores
857 2248 1031 2320 seripserunt
1052 2251 1182 2304 totiens
1203 2249 1322 2319 labores,

237 2331 371 2387 orationis
393 2331 597 2404 exaequandae
621 2349 740 2402 caussa,
762 2349 818 2403 quo
843 2347 899 2386 non
914 2338 957 2388 est
971 2347 1054 2403 opus,
1078 2349 1163 2404 quum
1178 2331 1321 2390 adlectivo

237 2415 397 2488 quantitatis
413 2416 579 2474 adverbium
596 2416 726 2474 eiusdem
742 2416 862 2472 notionis
879 2423 953 2474 recte
968 2417 1153 2490 respondeat3
1169 2420 1206 2475 ol.
1223 2418 1281 2476 (lio.
1293 2437 1322 2494 p.

236 2500 316 2558 Batb.
335 2507 378 2570 20,
395 2505 440 2562 47.
484 2502 513 2560 0.
528 2501 639 2559 Marius
653 2504 680 2559 si
692 2506 742 2558 tot
754 2501 908 2559 cerambus
931 2505 1083 2574 meruisset,
1099 2507 1244 2576 quoties
1261 2508 1322 2580 ipsc

234 2587 332 2643 consul
346 2586 456 2660 fremet.
501 2588 561 2644 Liv.
575 2587 608 2659 ll,
628 2593 670 2656 13,
690 2593 716 2646 d.
763 2588 838 2647 Adeo
854 2586 1163 2646 maranorum...
1179 2589 1321 2648 macla

235 2672 370 2728 amantio
382 2674 495 2744 toties,
510 2679 595 2746 quot
607 2674 746 2729 coniurati
751 2679 937 2745 superessent,
945 2679 976 2728 ut
986 2675 1069 2744 pacis
1076 2675 1242 2734 conditiones
1249 2676 1321 2733 ultro

223 2755 326 2828 'ferrat
338 2755 483 2818 Romanas.
504 2787 547 2796 -
566 2758 669 2812 Verbis
689 2774 707 2810 n
722 2759 819 2828 priseo
839 2758 1024 2814 adamnanus
1046 2760 1195 2832 Pompeius
1212 2761 1320 2818 senatui

236 2856 292 2894 non
307 2841 369 2896 sins
382 2841 504 2912 quadam
520 2841 670 2897 insolentia
687 2841 715 2895 in
730 2843 894 2898 memoriam
910 2848 1033 2913 revocat,
1056 2845 1135 2915 quod
1154 2845 1321 2902 adolescen-

234 2925 309 2980 tulus
332 2925 415 2979 trium
435 2931 463 2979 et
483 2926 582 2998 viginti
607 2939 745 2980 annorum
767 2931 824 2980 tres
849 2927 976 2997 legiones
1001 2944 1053 2982 suo
1078 2936 1190 3000 sumptu
1205 2937 1319 3004 paratas
1356 2945 1361 2954 “

234 3008 330 3066 Sullae
340 3009 546 3079 adduxerat(v.
554 3008 695 3066 Plutarch.
711 3009 740 3063 in
754 3011 851 3082 Pomp.
866 3013 924 3079 cd,
941 3010 1040 3078 med),
1054 3029 1087 3068 ac
1103 3014 1239 3089 deinceps
1255 3033 1319 3073 cum

234 3095 364 3150 omnibus
380 3094 441 3150 eius
463 3093 635 3151 adversariis
657 3093 832 3150 conflixerat.
865 3125 907 3134 -
934 3093 1133 3154 &etcstsmmi
1150 3099 1241 3158 Mutet
1256 3107 1320 3156 sunt

234 3177 324 3236 duces
339 3179 527 3236 Marianarum
542 3181 661 3253 partium
676 3179 815 3248 Carrinas,
827 3177 952 3250 Clodius,
968 3179 1079 3249 Brutus,
1095 3181 1201 3258 Scipio,
1217 3184 1317 3253 Carbo,

233 3263 385 3334 llomitius,
405 3266 561 3338 Perperna,
589 3264 729 3338 Lepidus,
757 3264 792 3321 de
817 3263 919 3336 quibus
935 3284 962 3322 v.
975 3265 1116 3324 Plutarch.
1134 3267 1162 3324 in
1177 3269 1276 3340 Pomp.
1290 3287 1316 3325 o.

231 3351 337 3410 7-16.
357 3379 400 3390 -·-
420 3349 503 3418 Quod
518 3351 608 3408 oratio
625 3351 654 3407 in
673 3352 792 3406 relativa
806 3350 1002 3406 enunciatione
1022 3351 1049 3407 in
1063 3353 1211 3424 passivum
1229 3361 1315 3410 trans·

232 3433 268 3500 it,
293 3451 349 3490 non
365 3436 537 3510 negligentia
554 3437 668 3504 lactum,
684 3434 736 3492 sed
754 3452 771 3490 a
788 3435 919 3492 simulata
933 3437 1071 3493 modestia
1085 3440 1249 3510 protectum,
1271 3439 1315 3508 iis,

232 3533 305 3590 quae
313 3521 464 3592 Pompeius
480 3527 577 3594 aperte
594 3537 626 3578 se
641 3522 744 3578 iecisse
762 3519 910 3592 significat,
930 3521 1092 3592 simpliciter
1107 3530 1136 3579 ut
1149 3525 1230 3580 taofis
1242 3541 1316 3580 com·

233 3605 405 3661 memoratis.
428 3633 472 3648 -
496 3606 635 3677 Quaesba
655 3607 674 3662 i.
690 3623 718 3662 e.
737 3612 852 3678 parata;
876 3622 904 3661 v.
923 3605 959 3662 ad
974 3607 995 3676 I,
1010 3611 1055 3677 45,
1070 3613 1116 3666 m.
1142 3639 1186 3651 —-
1214 3609 1316 3670 Conna

233 3695 357 3760 uetctcm,
376 3691 394 3748 i.
409 3707 434 3758 e,
455 3697 554 3760 aetate,
571 3709 643 3764 quae
660 3693 745 3764 vulgo
761 3692 843 3748 tantis
859 3692 979 3765 negotiis
992 3692 1092 3765 ¹impar
1106 3693 1232 3765 habetur,
1248 3711 1316 3767 qua·

233 3790 287 3846 que
298 3773 345 3831 alii
365 3775 414 3832 vix
431 3775 469 3831 ad
484 3777 685 3849 rempublicam
700 3776 838 3835 accedere
854 3779 960 3846 sotent;
976 3779 1146 3835 tricesimum
1162 3781 1238 3837 enim
1249 3797 1315 3852 aga·

231 3860 278 3915 bat
292 3876 397 3916 annum
411 3863 578 3933 Pompeios,
595 3878 679 3934 quum
697 3879 724 3918 a.
740 3863 784 3922 77.
800 3880 827 3919 a.
846 3861 912 3920 Chr.
927 3880 956 3919 n.
975 3863 1003 3918 in
1019 3864 1183 3938 Hispaniam
1202 3866 1315 3921 iret-

231 3944 295 4000 lion
312 3947 430 4002 missum
447 3963 496 4015 se,
519 3945 571 4004 sed
586 3949 741 4020 protectum
755 3948 796 4003 ad
814 3947 912 4004 bellum
926 3951 1123 4008 soeobsumum
1138 3965 1223 4021 quum
1239 3949 1314 4020 dicit,

232 4044 266 4084 eo
288 4031 450 4086 criminatur
468 4036 597 4089 senatum
612 4033 716 4089 nullam
738 4049 834 4088 curam
850 4033 903 4089 sibi
927 4038 1008 4105 atque
1031 4034 1098 4092 huic
1119 4036 1192 4091 bello
1207 4035 1315 4108 impen-

232 4113 326 4185 disse;
342 4133 407 4172 nam
420 4118 525 4188 prosim
538 4117 676 4185 dicuntur,
693 4134 765 4188 quae
781 4120 909 4190 neglecta
927 4123 1057 4192 tanquam
1078 4136 1125 4175 res
1146 4119 1218 4178 viles
1233 4121 1313 4176 casui

232 4203 259 4253 st
273 4202 407 4272 periculis
428 4209 620 4274 exponuntur;
643 4204 679 4260 et.
701 4201 764 4258 Liv.
779 4203 864 4271 XXII,
884 4206 928 4274 44,
943 4206 970 4266 7,
1013 4196 1046 4260 Si
1057 4205 1124 4276 qaod
1133 4207 1313 4278 proiectis

231 4298 266 4337 ac
280 4287 401 4358 proditas
415 4288 455 4342 ad
471 4289 650 4345 mammutium
668 4292 749 4360 uque
765 4288 945 4360 improvidum
961 4307 1087 4363 poparum
1098 4290 1249 4364 Maioribus
1265 4303 1312 4345 uc·

1063 4385 1129 4451 ra*
