3062 4958
208 367 271 432 eet
503 368 511 382 ¹
581 374 610 430 c.
636 371 808 457 sancusrr
838 371 951 430 carsit

207 561 304 630 deum
326 561 549 631 consultorem
569 557 793 649 exspectatis?
814 557 937 652 Magna
958 559 1014 629 illa
1031 561 1203 630 consulum
1223 555 1289 630 im·
1297 581 1330 636 16

206 686 298 777 peria
330 691 362 756 et
389 688 519 777 patrum
547 685 679 754 decreta
703 705 767 754 vos
796 683 1010 775 exsequendo
1031 687 1114 754 rata
1148 679 1288 770 allicitis,

208 811 366 895 Quirites,
386 811 539 904 ultroque
558 809 720 906 licentiam
734 809 768 877 in
787 829 851 878 vos
870 812 1012 904 auctum
1025 811 1124 902 atque
1143 808 1288 880 adiutum
1387 791 1389 796 ¹

206 906 402 1027 properatis
439 937 553 1028 Neque
574 957 640 1027 ego
660 935 845 1037 vesullum
869 932 1004 1004 iniurias
1024 935 1154 1021 hortor,
1180 934 1330 1028 magistr

209 1173 245 1182 -
264 1142 358 1197 Plebei
379 1141 429 1211 (de
452 1159 507 1214 qua
529 1143 645 1216 genitiVi
666 1143 757 1197 lorma
777 1157 806 1196 ν.
822 1133 989 1198 Schneideri
1012 1139 1134 1198 Gramm.
1150 1142 1197 1198 lat.
1212 1142 1245 1210 ll,
1261 1149 1289 1201 1.

207 1246 233 1299 p.
258 1228 335 1294 359.)
355 1231 491 1298 praebent
507 1227 611 1302 ¹codd.;
635 1226 744 1283 Gortius
766 1227 878 1298 scripsit
897 1225 981 1298 plebi.
1001 1255 1044 1264 —
1068 1225 1171 1282 Verbis
1194 1228 1288 1283 modo

202 1314 403 1386 patricium
429 1315 618 1384 mupistratum
646 1311 821 1384 signilieatur
847 1312 1043 1382 magistratuS,
1070 1327 1153 1381 quem
1178 1313 1288 1383 patricii
1338 1385 1342 1389 ι

150 1461 152 1467 ,
208 1397 259 1452 soli
281 1397 436 1468 habebant,
459 1414 549 1468 neque
571 1397 677 1464 aditum
700 1397 737 1452 ad
753 1413 817 1451 eum
832 1395 1172 1467 plebeiisconeedebant,
1188 1411 1289 1452 verna-

207 1483 269 1536 cula
283 1482 327 1536 die
341 1481 889 1555 ausscltliesslicltpatriciselte·
909 1481 1023 1536 Wlirde.
1048 1479 1234 1536 ¹Consulatum
1249 1482 1286 1536 in·

176 1619 179 1623 .
207 1567 292 1637 teIIIgi
308 1568 370 1638 lege
386 1564 493 1622 Licinia
507 1574 534 1621 et
547 1567 643 1624 Sextia
658 1584 684 1621 a.
699 1567 760 1624 377.
779 1582 806 1621 a.
827 1565 881 1621 Chr
899 1581 926 1619 n.
941 1565 1066 1636 patriciis
1081 1569 1218 1621 extortum
1233 1568 1289 1622 ela-

164 1695 166 1698 .
206 1668 267 1706 rum
290 1658 342 1707 est.
375 1653 408 1706 ln
427 1657 504 1708 tanta
526 1653 680 1708 sententiae
701 1643 901 1722 perspicuitate
917 1650 1122 1721 interpretibus,
1140 1653 1288 1722 quominus

206 1752 304 1791 verum
322 1739 525 1808 perspicerent,
539 1739 622 1793 unice
638 1734 756 1790 oliuisse
772 1736 883 1791 videtur
899 1736 1028 1790 insolitus
1043 1736 1122 1792 mode
1134 1737 1288 1810 particulae

206 1823 295 1887 loeus,
313 1837 385 1892 quae
401 1823 576 1893 frequentius·
589 1837 657 1877 sene
674 1823 829 1888 vocabulo,
854 1820 891 1875 ad
911 1820 986 1891 quod
1001 1814 1129 1892 pertinet,
1144 1823 1288 1894 postponi-

208 1911 259 1960 tur.
292 1903 351 1960 Sed
372 1908 456 1975 etiem
481 1911 544 1961 ante
567 1906 596 1961 id
611 1905 743 1961 collocari
760 1921 846 1976 posse
862 1911 938 1960 recte
956 1907 1094 1978 praecipit
1110 1905 1236 1962 Handius
1253 1907 1288 1962 de

208 1991 325 2045 Particc.
342 1990 399 2045 Lat
415 1992 479 2046 Vol.
495 1992 541 2046 111.
556 2009 584 2063 p.
600 1995 661 2050 651.
677 2009 720 2030 ³-
740 1990 841 2046 Lr'bera
860 1990 895 2045 ab
909 1991 1065 2047 auctoribus
1080 1995 1210 2064 patriciis
1226 1989 1287 2065 sus-

205 2075 302 2147 sreyia
317 2092 387 2147 quae
404 2077 588 2148 intelligenda
604 2077 673 2144 sint,
688 2081 764 2150 patet
779 2093 816 2130 ex
830 2076 909 2132 Livio
926 2077 999 2143 VIII,
1015 2082 1057 2146 12,
1073 2081 1114 2135 14.
1142 2077 1288 2133 Dictatura

195 2159 253 2229 ·(Q·
268 2160 379 2217 Publilii
390 2160 514 2218 Philonis
529 2180 555 2216 α.
572 2165 633 2221 339.
650 2177 679 2216 α.
689 2160 755 2218 Cir.
767 2162 811 2230 n.)
822 2160 1045 2234 popularissuit,
1061 2162 1135 2234 quod
1147 2169 1203 2218 tres
1217 2163 1288 2235 leues

205 2245 417 2302 secundissimas
434 2246 538 2320 plebei,
566 2248 701 2304 edomas
728 2247 860 2303 nobilitati
879 2248 961 2316 tulit,
978 2263 1063 2301 uuam
1091 2252 1123 2302 ut
1143 2247 1286 2319 plebiscita

204 2346 298 2393 omues
313 2329 433 2398 Quirites
448 2338 579 2404 tenerent,
595 2333 725 2402 alteram,
742 2339 777 2386 ut
792 2333 916 2408 leyum,
937 2346 1025 2402 quae
1042 2334 1283 2389 comitiiseen-

207 2417 355 2472 turiutis
368 2416 575 2489 ferrentur,
597 2423 678 2472 ante
697 2418 822 2472 initum
837 2415 1058 2488 suffrepium
1071 2422 1200 2488 patres
1222 2434 1286 2472 au-

206 2506 325 2555 ctores
339 2500 488 2573 fierent,
506 2503 623 2570 tertium,
639 2508 669 2557 ut
685 2503 755 2556 ulter
769 2505 860 2574 utique
875 2501 1001 2573 explebe
1015 2517 1114 2557 eerrser
1131 2509 1287 2559 crearetur.

207 2585 315 2639 —Pro
331 2587 488 2642 auctoribus
507 2587 684 2658 patriciis
702 2585 868 2642 ciacconius
885 2587 982 2641 maluit
999 2587 1157 2643 auctoribus
1170 2591 1287 2660 putri-

205 2670 284 2736 bus,
300 2670 376 2741 quod
390 2687 437 2726 res
453 2672 515 2741 ipsa
530 2669 657 2743 flagitare
672 2671 798 2740 videtur3
815 2673 914 2743 putres
936 2672 1010 2726 enim
1024 2689 1081 2727 non
1101 2672 1207 2729 diversi
1224 2677 1288 2728 sunt

207 2759 345 2822 asenam,
363 2758 409 2826 qui
427 2755 472 2811 hie
488 2757 665 2829 intelllgitnr‚
687 2756 739 2812 sed
753 2759 841 2828 probe
857 2755 1039 2812 discernendi
1056 2774 1072 2812 a
1086 2753 1225 2830 patriciis,
1240 2761 1287 2830 qui
1383 2744 1389 2756 ¹

207 2837 272 2894 inde
296 2855 313 2894 a
335 2839 436 2898 Servio
458 2841 548 2896 Tullio
569 2843 732 2899 universam
753 2843 924 2918 nobilitatem
945 2843 1007 2898 sive
1033 2849 1132 2915 gentes
1155 2845 1288 2900 nobilium

207 2926 471 2996 complectebantur.
491 2926 570 2985 inde
590 2929 776 3002 perspicitur,
800 2945 849 2984 eur
869 2942 1013 2998 nunquam
1030 2929 1147 3000 patricii
1160 2945 1211 3000 pro
1230 2945 1287 3001 pu-

206 3009 292 3066 tribus
306 3009 480 3080 dicerentur,
502 3029 671 3084 quamquem
695 3015 809 3069 inverso
827 3012 911 3069 modo
922 3017 1022 3084 putres
1036 3013 1174 3068 interdum
1189 3015 1287 3069 latiore

207 3111 293 3150 sensu
317 3111 368 3168 pro
390 3100 517 3169 patriciis
540 3098 605 3154 dieti
630 3105 708 3168 sunt;
732 3115 761 3153 v.
777 3098 897 3153 Beckeri
913 3097 1027 3169 Antiqq·
1044 3115 1114 3155 rom.
1131 3099 1195 3155 Vol.
1212 3099 1245 3167 ll,
1264 3105 1288 3157 1.

205 3197 232 3252 p.
250 3184 309 3240 141.
341 3182 528 3238 Nihilominus
543 3186 632 3241 verba
651 3185 735 3238 huius
749 3184 804 3237 loci
820 3183 928 3256 integra
946 3187 1086 3255 putamus,
1099 3185 1288 3256 ¹illaerumque

206 3265 347 3322 invidiose
371 3270 461 3342 magis
478 3285 561 3340 quam
576 3285 644 3325 vere
660 3266 862 3338 suffragiorum
880 3274 1009 3324 auctores
1019 3271 1155 3341 patricios
1171 3269 1288 3338 dixisse,

207 3368 291 3422 quum
306 3353 498 3420 tantummodo
508 3359 607 3425 patres
621 3355 639 3409 i.
656 3369 681 3430 ε7
699 3359 813 3407 senatus
830 3352 968 3408 dicendus
985 3361 1071 3410 esset.
1082 3383 1125 3395 —
1139 3355 1193 3410 Pro
1205 3371 1289 3428 quum

205 3438 254 3504 ers,
268 3437 344 3507 quod
360 3436 444 3493 codd.
462 3439 606 3508 praebent,
622 3437 689 3492 cdd.
705 3441 772 3492 vett.
788 3434 971 3510 interpolatae
986 3437 1091 3496 habent
1106 3437 1288 3516 quumvis-5
1311 3437 1323 3464 ³

205 3520 329 3576 Eaedem
341 3521 471 3576 codicum
487 3521 637 3576 lectionem
652 3527 684 3578 et
697 3538 768 3594 quae
785 3523 968 3579 mutarunt'in
982 3527 1035 3580 uti
1047 3539 1127 3598 quae.
1137 3554 1179 3566 -
1192 3517 1289 3580 Verba

205 3621 276 3677 quoe
288 3607 365 3661 iresca
373 3622 431 3679 pro
445 3606 507 3661 aliis
521 3607 641 3663 toleratis
658 3607 767 3664 Cortius
784 3611 856 3663 bene
872 3607 942 3664 vidit
957 3614 1085 3681 spectare
1101 3608 1138 3665 ad
1152 3610 1287 3678 militiam,

205 3690 405 3760 gravissImum
428 3692 601 3762 plebeiorum
627 3711 698 3750 onus
722 3694 772 3762 (cl.
788 3693 848 3767 lug.
865 3709 889 3748 e.
904 3693 977 3762 XII,
998 3696 1055 3764 7.);
1079 3697 1116 3750 ita
1130 3695 1204 3750 enim
1226 3711 1289 3766 sen-

205 3774 318 3828 tentiam
341 3776 468 3845 supplet:
492 3776 546 3830 illis
564 3793 663 3852 nempe
687 3780 826 3847 militatis,
848 3779 902 3836 illis
918 3779 1039 3836 vincitis.
1071 3779 1198 3836 Ceterum
1213 3782 1288 3836 tussa

206 3875 261 3912 non
278 3859 415 3914 obiectum
434 3862 528 3930 verbI,
545 3863 597 3917 sed
617 3867 774 3920 attributum
792 3865 901 3919 relativi
923 3871 973 3922 est.
991 3895 1033 3906 --
1054 3865 1109 3920 Aut
1129 3879 1184 3920 nen
1205 3876 1289 3934 apere

205 3948 279 3998 certe
286 3965 295 4006 ;
308 3944 352 3998 his
369 3945 463 4001 verbis
479 3947 575 4001 Macer
593 3951 648 4005 iam
667 3950 784 4020 digitum
801 3950 880 4020 quasi
898 3949 1013 4004 intendit
1029 3948 1066 4004 ad
1081 3949 1123 4016 id,
1148 3945 1223 4018 quod
1238 3947 1287 4002 toti

206 4027 267 4082 eius
283 4028 401 4084 orationi
417 4031 481 4087 linis
497 4036 658 4106 propositus
677 4040 728 4102 est,
744 4039 774 4089 ut
788 4035 883 4105 plebs,
908 4050 962 4105 quo
980 4035 1151 4089 nobilitatem
1168 4033 1287 4105 frangat,

205 4113 330 4168 militiam
350 4114 493 4173 detrectet.
876 4128 881 4142 '

292 4204 319 4265 §-
335 4203 377 4260 16.
396 4201 528 4276 Maponi
545 4201 630 4260 Recte
647 4202 775 4259 Cortius:
806 4211 855 4272 „ut
870 4204 964 4258 omnia
978 4204 1007 4258 in
1024 4203 1077 4257 hae
1095 4202 1231 4269 oratione,
1251 4202 1289 4256 ita

207 4289 235 4341 el
251 4301 307 4341 vox
322 4302 423 4362 moena
441 4289 478 4344 ad
493 4287 628 4345 invidIam
644 4293 814 4362 comparata,
830 4305 881 4363 pro
893 4287 1048 4362 mupuifieu
1061 4289 1126 4357 elta,
1137 4285 1289 4358 superbe.“
