3102 4956
210 361 273 426 216
573 355 604 412 C.
625 352 798 412 SALLUSTI
820 350 935 410 CRlSPl

125 619 129 634 ,
230 545 232 550 ’
314 554 365 617 26.
398 533 514 628 ‘Quat
541 566 601 635 par
628 542 661 612 in
684 541 806 632 oppido
833 539 999 610 festinatio
1019 544 1053 610 et
1082 539 1203 633 ingens
1225 541 1298 610 ter-

109 735 110 740 ,
212 698 268 746 ror
287 674 373 758 erat,
402 692 443 738 ne
468 691 510 740 ex
539 668 641 739 latere
662 691 750 738 nova
767 667 967 743 munimenta
992 667 1126 736 madore
1149 666 1310 736 infirma--

213 804 341 886 renlur3
376 817 451 866 nam
487 792 596 866 omnia
632 793 744 885 oppidi
783 793 997 888 stagnabant,
1042 791 1301 868 redundantibus

217 924 339 999 cloacis
360 923 505 992 advorso
526 916 621 986 aestu
641 917 750 989 maris

219 1136 312 1204 inepte
328 1130 359 1184 in
373 1123 552 1200 ferramentis
566 1121 701 1180 mutatum
715 1125 780 1194 luit;
796 1125 867 1180 ictus
883 1126 958 1180 enim
973 1140 1029 1178 non
1044 1123 1247 1180 veniebant-ab
1261 1128 1302 1181 in·

217 1215 377 1286 strumentis
394 1208 510 1276 terreis,
531 1206 582 1261 sed
603 1224 620 1262 a
643 1210 768 1266 disiectis
788 1211 901 1266 navium
916 1211 1042 1282 partibus
1061 1209 1129 1263 mari
1153 1209 1300 1265 innatanti-

218 1307 278 1360 bus.
299 1327 334 1342 -
351 1300 417 1354 Post
437 1294 546 1350 navium
568 1294 595 1348 in
618 1295 684 1350 edd.
707 1297 789 1352 Nouii
812 1301 840 1350 et
859 1294 973 1351 Sallusti
994 1297 1125 1367 leguntur
1147 1296 1235 1350 verba
1254 1302 1302 1352 out

215 1386 352 1446 verlaerati
366 1401 384 1438 u
403 1383 473 1447 suis,
497 1394 568 1449 quae
591 1383 753 1446 nonsolum
775 1383 804 1436 in
826 1381 911 1436 codd.
929 1381 1044 1449 desunt,
1070 1380 1123 1435 sed
1139 1380 1223 1434 etiam
1239 1397 1302 1435 sen-

218 1474 328 1530 tentiam
351 1470 471 1524 alienam
492 1464 627 1535 inserunt3
650 1483 714 1522 nam
735 1483 807 1538 quae
831 1469 866 1522 ab
883 1473 997 1522 auctore
1018 1472 1165 1521 narrantur
1181 1481 1301 1522 caussae

217 1558 329 1623 mortis,
347 1555 429 1610 uniee
444 1568 461 1605 a
475 1549 503 1604 vi
519 1552 693 1621 tempestatis
709 1558 736 1606 et
751 1558 844 1624 strage
861 1552 976 1608 navium
997 1555 1171 1623 repetuntur.
1193 1545 1301 1618 Quodsi

217 1643 345 1716 quaeris,
361 1639 436 1695 unde
451 1635 523 1692 haec
544 1634 710 1708 depravatio
726 1643 787 1692 orta
802 1636 852 1704 sit,
874 1635 1049 1693 hauddubie
1066 1637 1204 1709 originem
1221 1638 1302 1692 traxit

217 1747 253 1784 ex
277 1745 329 1793 eo,
357 1724 448 1796 quod,
474 1737 559 1790 quum
581 1722 609 1775 in
630 1721 714 1777 Nonii
739 1720 823 1778 codd.
846 1726 975 1794 corrupte
996 1723 1107 1795 legatur
1130 1725 1179 1778 aut
1203 1720 1303 1793 afflicti

217 1816 306 1882 asub,
323 1810 413 1882 primo
429 1805 529 1876 aliquis
545 1804 645 1877 afflicti
665 1807 861 1878 interpretatus
877 1813 921 1862 est
941 1809 1091 1877 numerati,
1106 1811 1207 1880 postea
1222 1823 1301 1875 vero,

217 1901 294 1954 osma
314 1892 448 1952 Arusiani
472 1891 635 1946 auctoritate
657 1891 685 1946 iu
704 1893 795 1948 alveos
820 1897 940 1961 mutato,
966 1893 1013 1948 illa
1044 1892 1234 1966 interpretatio
1255 1895 1300 1948 vel

217 2001 302 2052 casu,
320 1983 364 2036 vel
386 1979 489 2050 supina
510 1974 648 2032 editorum
666 1977 838 2050 negligentia
854 1977 882 2032 in
899 1983 976 2032 textu
991 1979 1135 2034 remansit.
1150 2007 1192 2018 -
1206 1976 1302 2034 Aloeos

217 2069 303 2126 Arus.
318 2068 337 2121 l.
358 2068 376 2121 l.
401 2066 525 2136 praestat
541 2078 593 2134 pro
611 2069 742 2134 corrupta
753 2063 835 2118 Nonii
852 2064 971 2118 lectione
988 2065 1079 2127 asum
1096 2079 1194 2119 rursus
1210 2069 1302 2118 autem

217 2157 253 2228 oi,
269 2152 344 2225 quod
360 2149 437 2222 apud
453 2147 624 2204 Arusianum
640 2147 729 2218 deest,
747 2151 909 2222 absorptum
921 2166 948 2204 m
960 2150 1055 2204 littera
1070 2156 1098 2204 et
1113 2148 1301 2220 praecedente

217 2246 245 2295 et
260 2241 462 2310 subsequente,
478 2235 616 2305 integrum
633 2240 724 2290 exstat
739 2235 815 2307 apud
826 2235 957 2290 Nonium.
975 2263 1012 2274 -
1027 2234 1119 2290 Foede
1130 2233 1212 2290 deest
1227 2233 1302 2306 apud

217 2325 405 2390 Arusianum,
423 2314 550 2376 nontam
566 2320 670 2374 librarii
687 2321 781 2393 culpa,
800 2337 883 2392 quarn
899 2319 1082 2391 grammatici,
1098 2321 1145 2392 qui
1160 2324 1303 2391 postrema

218 2427 274 2466 non
289 2411 372 2482 plene
388 2401 485 2462 attulit.
507 2431 549 2440 —
570 2405 623 2459 Pro
641 2406 772 2475 mulcato,
794 2404 871 2477 quod
886 2405 957 2461 Nou.
974 2412 1063 2473 tenet,
1084 2405 1160 2478 apud
1175 2397 1259 2462 Arus}
1275 2395 1303 2460 i'n

217 2495 282 2552 cod.
300 2493 372 2562 Gud.
397 2496 440 2546 est
460 2490 592 2558 melculo,
615 2489 644 2544 in
667 2488 797 2546 Ambros.
821 2491 950 2561 mulcato,
974 2489 1049 2546 unde
1072 2491 1162 2547 llllaius
1177 2491 1301 2560 pessime
1397 2562 1400 2566 ,

219 2582 284 2636 lecit
294 2578 434 2638 melleam·
450 2579 569 2630 contusa
583 2575 657 2628 enim
672 2591 792 2646 corpora
806 2592 842 2630 ex
857 2576 1061 2631 consuetudine
1075 2578 1194 2633 mulcato
1206 2575 1303 2631 dieun-

219 2657 277 2735 tur',
295 2665 331 2740 cl.
348 2660 487 2718 Muetzell.
506 2658 545 2714 ad
556 2656 628 2714 Curt.
643 2657 709 2728 Vll,
725 2663 774 2729 42,
792 2663 834 2719 17.
854 2661 1005 2717 Enttuntur
1021 2663 1050 2716 ia
1066 2665 1192 2718 veracem
1205 2664 1303 2716 amatis

219 2779 261 2789 -
278 2749 425 2806 mulcati
432 2750 519 2818 parte
532 2743 726 2802 membrorum.
745 2745 833 2801 Tacit.
852 2746 925 2803 Arm.
946 2747 973 2815 Ι,
989 2748 1037 2815 70,
1054 2751 1078 2804 4.
1098 2746 1302 2804 Pernoctuaere

217 2837 277 2892 stae
289 2836 359 2908 ipat,
374 2847 475 2905 mappa
486 2846 561 2902 pars
574 2829 648 2886 nudo
667 2835 717 2888 eut
729 2832 846 2889 mulceto
868 2846 997 2904 corpore.
1017 2862 1059 2872 -
1076 2832 1219 2889 Postremo
1233 2835 1304 2905 ime--

218 2922 292 2978 rierc
309 2925 399 2976 tanen
416 2917 591 2980 coniecturae
608 2916 723 2972 debetur
735 2917 870 2987 Mercari;
883 2919 911 2974 in
926 2918 1009 2973 Nouii
1025 2918 1100 2973 enim
1115 2917 1199 2976 codd.
1215 2919 1302 2990 scrip·

219 3012 280 3062 tura
304 2994 391 3062 ualde
417 3006 568 3060 obscurata
589 3007 646 3072 est,
674 3019 759 3074 quum
787 3005 833 3059 alii
861 3009 976 3059 teneant
996 3005 1166 3078 postremum
1187 3005 1303 3060 laterem

172 3143 174 3148 ,
218 3087 325 3163 tumen,
353 3091 400 3148 alii
421 3096 593 3164 postremum
613 3090 696 3146 iteres
718 3094 824 3159 tamen,
847 3090 894 3144 alii
916 3095 1088 3161 postremum
1108 3091 1205 3144 itcrert
1225 3090 1301 3157 (sine

219 3179 338 3248 tomen),
361 3177 450 3234 Paris.
468 3176 503 3232 A.
524 3191 593 3231 vero
616 3190 732 3244 prorsus
753 3176 860 3230 absone
883 3179 1024 3246 postremo
1048 3175 1182 3246 etpluvto
1202 3181 1301 3244 tannen,

219 3266 326 3321 scilicet
342 3280 359 3319 a
373 3280 446 3319 voce
456 3266 597 3334 postremo
614 3275 650 3322 ex
666 3275 731 3330 pag.
745 3262 857 3336 doale.
873 3261 1004 3314 continuo
1018 3260 1178 3316 transiliens
1194 3259 1222 3313 in
1234 3277 1301 3332 pag.

218 3354 286 3422 409,
302 3351 345 3406 14.
371 3347 421 3404 llis
438 3362 540 3418 parum
554 3343 650 3420 auxilii
666 3348 709 3419 est
725 3359 761 3424 ex
775 3343 916 3403 Arusiano
926 3345 995 3416 ,qui
1013 3344 1205 3418 tautummodo„
1217 3344 1302 3402 habet

218 3433 379 3501 merdant,
397 3432 452 3486 nisi
468 3429 544 3501 quod
557 3429 718 3500 intelligitur
733 3430 760 3484 in
776 3437 907 3502 corrupta
923 3429 1224 3494 vocela'tere'interr'rc
1239 3447 1302 3486 ver-

219 3520 294 3574 bum.
310 3515 368 3573 Sed
389 3531 473 3586 quum
487 3507 579 3570 lamen
592 3513 758 3585 particulam
774 3507 879 3574 certam
893 3522 1018 3588 praestet
1036 3518 1138 3572 lemma
1152 3506 1302 3587 Nonii,'de

220 3603 338 3659 veritate
355 3600 559 3657 emendationis
573 3599 780 3669 lllereerianae,
798 3619 881 3674 quam
895 3603 958 3673 ipsa
975 3603 1113 3658 sententia
1126 3603 1303 3658 commendat

219 3688 386 3762 plurimum,
410 3686 529 3742 dubitari
549 3701 605 3740 non
620 3691 721 3756 potest.
744 3687 831 3744 Usum
847 3692 938 3744 tamen
955 3688 1126 3759 particulae,
1143 3687 1190 3744 ubi
1208 3693 1302 3760 prota-

220 3775 260 3830 sis
275 3771 467 3829 tantummodo
483 3787 612 3829 sensum.
631 3785 687 3824 non
709 3772 825 3828 termam
841 3773 925 3828 habet
942 3773 1145 3829 enunciationis
1161 3773 1303 3829 condicio-

222 3859 308 3929 nalis,
323 3857 465 3930 tetigimus
482 3856 519 3912 ad
533 3857 578 3912 Fr.
594 3856 620 3924 l,
635 3859 684 3927 45,
704 3861 745 3917 18.
767 3874 796 3915 ν.
819 3875 904 3931 supra
926 3860 978 3929 ΙΙΙ,
999 3864 1041 3918 18.
1057 3889 1100 3900 -
1115 3858 1213 3915 Totum
1227 3859 1302 3915 hirec

221 3942 330 4013 locum,
346 3941 422 4015 quod
436 3942 569 3998 Wassius
584 3943 704 4011 notavit,
727 3944 847 4000 imitatus
865 3950 908 4000 est
921 3945 1100 4017 Hegesippus
1117 3944 1166 4013 ΙΙΙ,
1182 3951 1227 4003 20.
1252 3945 1301 4002 Oe·

219 4037 309 4086 terum
323 4033 425 4104 notare
441 4027 557 4087 adorsos
579 4029 709 4087 conuulso
728 4033 839 4087 noemin
853 4030 1012 4103 frupmenta
1027 4031 1133 4086 crebra
1148 4030 1305 4103 pectebant

219 4115 329 4184 ictibus,
353 4114 536 4188 aeneaque
551 4116 621 4172 albae
637 4115 751 4172 miseros
761 4121 840 4172 artare
854 4114 936 4187 foede
948 4115 1113 4173 mulcebant.

302 4201 349 4258 Fr.
363 4204 407 4260 26.
425 4200 511 4272 [Cart.
530 4219 559 4274 p.
585 4205 647 4262 963.
663 4200 736 4257 Gerl.
751 4201 797 4257 ed.
814 4202 879 4256 mai.
895 4202 946 4272 ΙΙΙ,
961 4206 988 4260 6.
1002 4201 1048 4256 ed.
1063 4201 1131 4255 min.
1147 4201 1196 4270 ΙΙΙ,
1212 4202 1258 4258 64.
1272 4217 1301 4272 p.

217 4291 284 4358 218,
302 4291 346 4349 26.
358 4286 441 4344 Debr.
457 4287 509 4357 Ill,
532 4287 695 4356 51.]Loeus
716 4292 808 4343 exstat
825 4285 901 4360 apud
916 4287 990 4343 Non.
1010 4287 1049 4356 ll,
1068 4289 1131 4346 534.
1147 4305 1176 4359 p.
1193 4289 1258 4354 138,
1274 4291 1301 4345 3.
