3062 4958
356 441 358 446 ,
435 377 682 438 HISTORIARUM
702 377 936 436 FRAGMENTA.
981 377 1047 434 ΗΒ.
1071 379 1117 434 lll.
1248 369 1311 436 285

228 565 276 636 uti
300 567 446 658 requiem
466 567 622 658 cupiatis3
647 587 754 659 neque
781 563 980 649 discordias,
1005 568 1042 634 ut
1068 563 1112 638 illi
1133 562 1312 634 criminan-

229 699 300 774 tur,
321 689 382 758 sed
404 693 516 760 earum
536 689 635 758 b'nem
653 691 771 761 volens
793 690 864 760 iure
885 689 1034 782 gentium
1052 711 1106 760 res
1124 694 1254 780 repeto,
1280 694 1312 759 et

217 797 259 884 'si
282 797 490 904 pertinaciter
510 813 710 899 retinebunt,
735 793 802 884 non
824 837 924 900 arma,
943 835 1051 909 neque
1077 815 1310 898 secessionem,

231 923 457 1010 tantmnnrodo
484 961 526 1008 ne
554 938 694 1029 amplius
721 940 918 1032 sanguinem
943 942 1093 1010 vostrum
1116 937 1311 1031 praebeatis,

193 1064 388 1158 recensebo.
424 1063 547 1135 Gerant
578 1063 784 1156 habeantque
813 1085 876 1135 suo
903 1065 1002 1136 modo
1030 1064 1180 1155 imperia,
1206 1084 1313 1157 quae·.

234 1305 271 1358 cl.
293 1304 354 1358 Liv.
377 1302 504 1372 XXXIV,
518 1309 545 1371 5,
562 1308 589 1364 6.
626 1303 716 1359 Verbo
736 1321 878 1377 meque,
899 1319 970 1376 qaae
991 1304 1194 1376 reservandae
1213 1317 1314 1360 coccea

233 1387 584 1460 carpocratianorum
607 1389 709 1444 etalio
723 1403 782 1445 erse
795 1392 860 1446 ecco.
895 1388 936 1444 ld.
952 1387 1066 1459 XXXV,
1081 1391 1108 1456 2,
1123 1393 1151 1446 1.
1183 1388 1250 1444 Tam
1266 1389 1315 1460 ud·

233 1486 331 1528 verace
340 1463 429 1544 'quom
443 1473 582 1528 secundae
595 1487 643 1528 ree
657 1476 789 1546 mugnis
804 1473 974 1530 sermonibus
988 1473 1207 1540 celebrabantur,
1223 1473 1269 1538 ubi
1285 1489 1314 1528 v.

235 1557 375 1612 Drakenb.
398 1556 463 1615 Hor.
485 1555 545 1613 Sat.
568 1558 594 1626 l,
615 1561 647 1626 6,
668 1562 712 1620 76.
729 1558 818 1614 Pueri
835 1561 974 1631 mapnir
995 1573 1011 1614 e
1031 1557 1235 1614 centurionibus
1252 1559 1313 1612 orti.

233 1671 275 1680 -
297 1639 440 1698 Sententia
460 1641 531 1698 baec
553 1625 719 1711 dovvttvor
737 1644 825 1715 priori
851 1642 962 1699 adiecta
986 1644 1099 1715 proprie
1124 1659 1175 1714 per
1200 1648 1230 1698 ot
1251 1659 1315 1713 par-

234 1727 346 1782 ticulam
368 1727 406 1782 illi
431 1727 659 1798 contraponenda
680 1734 749 1784 erat.
770 1759 812 1768 -
837 1728 1000 1800 properam
1028 1728 1066 1784 ad
1086 1728 1247 1800 analogiam
1273 1728 1316 1782 r're

145 1845 148 1850 -
233 1811 313 1868 verbi
342 1827 405 1868 curn
434 1812 535 1882 supino
566 1813 689 1868 iunctum
717 1819 774 1881 est,
805 1814 842 1869 de
872 1829 926 1885 quo
942 1813 1079 1870 'diximus
1109 1812 1147 1868 ad
1177 1811 1258 1870 Catil.
1287 1829 1314 1868 c.

233 1893 359 1965 XXXVI,
380 1900 408 1955 l.
432 1913 460 1966 p.
483 1901 542 1956 168.
573 1898 608 1953 cl.
624 1898 672 1968 Fr.
689 1899 722 1967 V,
735 1901 782 1966 17.
801 1898 899 1966 ¹Video
919 1899 1094 1972 ardiqeatr'om
1112 1898 1185 1954 dono
1205 1911 1315 1970 quoe-

232 1982 336 2036 situm
355 1983 463 2053 moriae
479 1986 746 2054 properantem.
765 1985 874 2038 ¹Paullo
897 1984 1064 2040 insolentius
1079 1982 1192 2054 quidem
1214 1981 1315 2036 eadem

234 2067 403 2122 constructio
419 2067 512 2122 statim
525 2073 590 2138 post
605 2083 640 2122 ex
653 2067 748 2123 bortor
764 2070 851 2124 verbo
866 2067 985 2139 pendet,
1010 2067 1063 2124 sed
1077 2066 1255 2122 commodam
1268 2081 1316 2120 ex·

234 2152 408 2206 cusationem
428 2151 559 2219 habebit,
588 2152 612 2230 si
633 2153 808 2222 reputaveris
831 2152 859 2206 in
879 2152 989 2207 borlorr'
1010 2153 1184 2208 transitivum
1206 2157 1316 2206 senten·

235 2236 300 2289 tiam
314 2251 389 2303 esse,
401 2251 472 2306 quac
485 2236 513 2290 in
522 2250 684 2307 properare
697 2237 874 2294 intransitiva
886 2243 938 2291 est.
951 2237 1045 2292 Verba
1055 2250 1143 2308 aeque
1158 2250 1207 2306 eqo
1217 2249 1264 2290 uos
1275 2236 1316 2290 ul·

234 2325 290 2374 tum
301 2319 418 2376 intumos
431 2319 527 2375 hortor
542 2321 603 2376 sine
616 2334 664 2393 eqo
678 2321 844 2392 pronomine
857 2320 1043 2378 laudatArus.
1061 2338 1088 2376 v.
1103 2320 1315 2390 normannus.

235 2403 317 2458 Lind.
336 2420 373 2458 ex
386 2404 443 2473 111..
458 2405 543 2460 ultum
557 2399 702 2477 explicans
717 2408 802 2462 ultum
820 2408 885 2477 ire,
906 2405 980 2462 unde
995 2406 1050 2463 boc
1066 2411 1140 2462 certe
1154 2409 1229 2476 patet
1243 2405 1314 2460 salso

235 2489 355 2546 Fabrum
377 2489 417 2544 ad·
437 2487 496 2546 Cat.
511 2491 546 2561 V,
560 2493 587 2550 9.
605 2491 744 2548 conticere
762 2492 938 2560 librariorum
955 2493 1039 2563 culpa
1058 2494 1100 2546 ine
1118 2496 1181 2546 ante
1198 2490 1316 2546 iniuriae

237 2573 391 2630 excidisse.

265 2675 268 2680 ·
320 2665 347 2726 s.
367 2662 411 2719 17.
437 2656 567 2734 cupiatis)
597 2659 671 2716 Edd.
694 2668 806 2717 veteres
834 2662 1029 2732 interpolatae.
1044 2662 1168 2732 capiatis.
1189 2689 1233 2722 -‚-
1257 2658 1315 2716 Rea

141 2743 145 2750 '
235 2751 345 2817 repeto,
368 2745 386 2797 i.
410 2759 436 2817 e.
459 2744 519 2799 iura
540 2745 620 2800 nobis
642 2752 739 2816 erepta
757 2751 786 2800 ut
800 2748 881 2802 nobis
897 2747 1075 2801 restituantur
1089 2747 1215 2816 postulo,
1230 2750 1316 2800 meta-

175 2818 178 2901 ι’
235 2829 325 2898 phora
345 2828 456 2898 sumpta
476 2843 495 2882 a·
506 2829 662 2896 fetialibus,
683 2827 740 2904 qui,
755 2835 904 2901 antequam
918 2830 1040 2906 populus
1055 2829 1199 2886 Romanus
1213 2830 1316 2886 bellum

236 2914 351 2978 laceret,
371 2912 547 2968 mittebantur
561 2912 601 2967 od
616 2926 663 2968 res
676 2913 855 2983 repetendus,
875 2914 955 2969 cuius
972 2914 1086 2969 instituti
1101 2913 1173 2978 haec
1185 2919 1245 2969 erat
1260 2915 1315 2981 vis,

238 3001 266 3050 ut
278 3012 350 3068 gens
365 2994 475 3052 hostilis
490 3000 570 3066 rapta
587 2997 752 3067 restitueret,
769 3003 817 3052 aut
831 2998 886 3052 alio
898 2996 982 3052 modo
999 2996 1192 3066 satisfaceret;
1207 2999 1244 3052 cl.
1256 2999 1315 3054 Liv.

236 3081 258 3148 l,
272 3085 317 3149 37,
333 3083 360 3138 6.
377 3097 439 3152 sqq.
461 3079 588 3139 Brisson.
612 3081 646 3138 de
661 3078 755 3138 Form.
769 3081 819 3136 lV.
833 3098 863 3153 p.
878 3084 941 3140 341.
956 3110 999 3120 —·
1010 3133 1012 3138 .
1023 3083 1077 3161 Pro
1093 3082 1223 3150 censebo,
1239 3081 1316 3152 quod

132 3183 146 3188 ‘¹
204 3184 206 3187 ·
232 3166 265 3220 ‘in
290 3164 419 3222 omnibus
442 3164 527 3222 codd.
551 3172 607 3238 est,
633 3165 743 3224 Cottius
760 3183 796 3222 ex
811 3166 878 3221 edd.
894 3167 1066 3239 interpolatis
1082 3167 1195 3238 scripsit
1208 3180 1315 3234 censeo,

238 3265 294 3304 non
310 3257 457 3306 assecutus
478 3251 599 3307 loturum
622 3259 736 3324 propter
754 3268 954 3324 praegressum
973 3251 1126 3308 retinebunt
1139 3252 1234 3328 utique
1248 3266 1315 3328 esse

200 3406 202 3410 ,
238 3336 439 3392 necessarium.
455 3365 496 3410 “.
512 3335 551 3390 De
570 3335 676 3410 duplici
691 3343 828 3394 structura
842 3351 956 3392 amaseae
966 3338 1060 3404 verbi,
1075 3353 1113 3394 ex
1127 3353 1181 3409 quo
1196 3337 1316 3408 primum

239 3423 417 3476 accusativus
438 3423 554 3489 obiecti,
577 3421 681 3478 deinde
697 3422 854 3478 enunciatio
870 3422 963 3478 finalis
978 3428 1044 3494 apta
1061 3429 1113 3491 est,
1130 3423 1166 3478 cl.
1183 3421 1221 3479 ad
1236 3419 1314 3477 Catil.

238 3522 263 3558 c.
279 3505 315 3574 V,
331 3509 357 3564 9.
372 3523 400 3576 p.
418 3510 462 3565 31.
477 3511 505 3562 ct
526 3506 563 3562 ad
578 3507 640 3580 lug.
657 3525 683 3562 c.
698 3506 785 3575 XXV,
803 3513 828 3566 1.
850 3509 949 3578 quibus
970 3507 1040 3564 locis
1064 3508 1169 3564 similes
1191 3511 1318 3564 constru-

238 3591 346 3645 ctiones
368 3590 581 3649 illustravimus.
611 3592 728 3648 (densere
747 3609 829 3646 ormo
849 3593 949 3648 cadem
963 3593 1186 3664 breviloquentia
1203 3593 1316 3660 dictmn,

238 3681 266 3728 ut
280 3673 376 3730 tabere
390 3675 473 3748 chm
491 3676 534 3744 (v.
550 3675 587 3732 ad
602 3677 661 3749 lug.
680 3694 704 3735 c.
717 3675 864 3744 LXXXIV,
881 3683 906 3734 l.
922 3694 949 3748 p.
965 3680 1052 3746 436),
1069 3679 1219 3735 decernere
1233 3690 1317 3750 proe-

238 3762 319 3818 mium
343 3762 386 3828 (v.
412 3759 449 3814 ad
474 3757 532 3816 Cat.
554 3779 579 3816 o.
600 3759 688 3827 XXX,
708 3765 735 3819 6.
758 3778 787 3833 p.
814 3763 888 3830 146.)
928 3759 1010 3828 Caes.
1032 3762 1062 3818 B.
1087 3763 1119 3820 G.
1141 3763 1202 3832 Vll,
1223 3766 1265 3828 77,
1290 3768 1317 3822 1.

238 3838 314 3895 Puro
333 3844 562 3913 deditionem,
579 3860 654 3917 pars
678 3849 896 3918 eruptionem
916 3847 1118 3902 censebunt.
1148 3847 1208 3904 Liv.
1223 3847 1259 3919 X,
1275 3853 1317 3916 m,

138 3999 139 4002 Ἴ
239 3928 265 3982 6.
290 3924 427 3980 Bellum
443 3927 607 4006 somniabas
619 3935 719 4002 potres
741 3938 965 3986 censuerunt.
996 3931 1084 3988 Tacit.
1096 3932 1170 3987 Ann.
1183 3931 1279 4001 lll,bl,
1293 3938 1319 3990 1.

241 4007 300 4064 Nec
325 4015 416 4064 tamen
442 4019 598 4083 repertum,
624 4017 679 4072 noi
700 4021 730 4069 ut
753 4014 899 4087 effipies
918 4017 1094 4088 principum,
1119 4031 1207 4070 aros
1231 4016 1319 4084 dmm,

118 4131 205 4135 ------
241 4095 368 4165 temple
389 4099 1060 4171 etorcusalioquecelita-censerent.
1092 4100 1170 4168 Quae
1190 4102 1336 4172 exempla·
1364 4123 1393 4127 ··

242 4175 332 4232 Fabro
348 4179 493 4237 debentur.
1266 4195 1267 4198 ’

326 4268 353 4328 S·
371 4269 414 4322 18.
445 4281 495 4322 areo
515 4268 608 4336 modo)
631 4270 650 4324 i.
672 4285 698 4326 e.
720 4269 793 4354 tastu
818 4277 844 4326 et
866 4273 1027 4342 arrogantia
1045 4271 1115 4341 ipsis
1134 4270 1256 4343 propria.
1278 4298 1319 4308 -—
