3062 4958
225 349 290 416 ³30
586 357 616 414 C.
642 359 815 416 SALLUSTl
838 358 951 417 CRISPl

267 579 269 592 ·
328 552 380 617 26.
421 547 564 618 Revorsi
590 548 726 639 postero
754 546 821 632 die,
845 547 963 633 multa,
988 569 1073 641 qnae
1093 548 1315 637 properantes

227 673 441 743 deseruerant
467 673 653 759 incastris,
681 673 784 759 nacti,
808 697 909 767 quum
935 695 973 744 se
996 673 1040 742 ibi
1070 671 1142 742 cibo
1163 670 1313 764 vinoque

224 799 301 869 laeli
326 799 510 868 invitarent.

222 1041 364 1114 frumenti,
381 1045 492 1112 patrum
504 1039 705 1114 fenerationem
720 1045 810 1098 orum
825 1058 891 1097 esse
905 1045 984 1114 putat
1007 1041 1079 1098 lame
1094 1042 1151 1110 illa,
1168 1055 1223 1112 qua
1240 1041 1308 1096 urbs

226 1143 252 1182 a.
269 1131 313 1186 75.
327 1144 352 1182 a.
371 1127 435 1184 Chr.
452 1144 479 1182 n.
498 1129 654 1184 vexabatur
677 1126 708 1182 L.
726 1114 846 1185 Octavio
865 1132 893 1181 et
914 1125 945 1182 C.
962 1125 1040 1182 Cotta
1060 1143 1137 1182 coss.
1158 1129 1195 1182 ct.
1209 1127 1255 1182 Fr.
1272 1125 1308 1188 ll.

223 1214 269 1271 48.
311 1213 389 1269 Hanc
404 1215 555 1270 verborum
569 1214 787 1285 explicationem
805 1212 970 1270 Gerlachius
986 1213 1051 1268 Vol.
1066 1213 1112 1268 lll.
1127 1229 1155 1284 p.
1172 1217 1231 1278 118·
1247 1228 1308 1266 am·

223 1298 325 1370 plexus
341 1299 369 1354 in
390 1298 435 1354 ed.
452 1300 518 1354 mm.
534 1315 633 1356 rursus
651 1298 783 1368 deseruit,
800 1298 836 1354 de
851 1298 885 1354 iis
900 1315 995 1356 rerum
1009 1298 1149 1370 angustiis
1167 1298 1306 1372 cogitans,

223 1385 324 1456 quibus
347 1392 462 1444 senatus
476 1384 612 1458 Lepidani
633 1387 766 1442 turnultus
780 1389 905 1457 tempore
918 1381 1140 1440 conflictabatur.

307 1472 328 1528 F
330 1489 353 1528 r.
368 1477 411 1532 26.
430 1467 518 1547 [Cort.
533 1489 561 1543 p·
578 1475 639 1532 991.
662 1471 736 1528 Gerl.
752 1471 798 1527 ed.
814 1471 881 1526 mai.
895 1470 943 1538 lv,
957 1474 1002 1530 32.
1021 1469 1068 1524 ed.
1090 1469 1157 1524 min.
1172 1469 1218 1537 lV,
1233 1473 1259 1528 6.
1274 1485 1304 1540 p.

221 1565 283 1626 225,
299 1565 341 1618 10.
358 1559 440 1615 Debr.
453 1557 501 1625 IV,
513 1558 554 1626 7.]
589 1556 676 1629 Apud
690 1558 821 1627 Nonium,
844 1557 891 1628 qui
907 1555 955 1624 IV,
969 1559 1032 1614 232.
1048 1571 1076 1626 p.
1092 1559 1153 1624 320,
1169 1560 1212 1614 24.
1230 1554 1306 1608 lller-

222 1661 280 1699 cer.
295 1643 366 1700 haec
380 1642 480 1710 attulit,
495 1648 626 1714 corrupte
644 1642 746 1714 legitur
760 1648 786 1698 et
798 1644 872 1698 versi
889 1659 917 1714 p.
935 1640 964 1696 d.
979 1642 1130 1713 puellaque,
1148 1656 1221 1712 quae
1235 1639 1306 1696 vitia

223 1728 318 1785 Carrio
333 1732 404 1784 bene
417 1728 538 1784 sustulit.
582 1727 623 1782 De
639 1729 764 1800 fugitivis
780 1729 873 1784 locum
887 1733 962 1784 recte
977 1727 1113 1783 intellexit
1124 1725 1304 1792 habramius,

223 1812 275 1868 sed
296 1829 446 1884 perperam
461 1811 496 1868 de
512 1812 593 1868 Gellii
616 1813 715 1868 castris
731 1830 748 1868 a
764 1812 846 1869 Crixo
862 1813 1005 1886 Gallisque
1025 1815 1114 1884 captis
1130 1811 1304 1884 direptisque

221 1899 433 1970 interpretatum
450 1897 525 1954 Crixi
541 1898 614 1953 enim
630 1899 776 1955 morsiam
792 1900 873 1955 tertio
890 1901 960 1956 libro
978 1905 1090 1956 narrata
1105 1898 1163 1956 tuit.
1185 1897 1214 1954 Si
1230 1897 1258 1951 in
1272 1913 1303 1951 re

221 1986 344 2040 obscura
360 1984 466 2056 aliquid
483 1984 622 2040 coniicere
645 1984 718 2055 licet,
733 1985 875 2057 quoniam,
897 2001 933 2042 ex
948 2002 1005 2057 quo
1022 1983 1304 2056 Crassus-imperium

221 2071 347 2139 obtinuit,
364 2069 473 2144 fugitivi
494 2071 632 2127 continuis
648 2071 775 2128 cladibus
791 2070 884 2126 affecti
902 2076 975 2141 sunt,
989 2075 1101 2144 praeter
1115 2069 1202 2138 initio,
1218 2085 1304 2141 quum

221 2157 386 2227 Mummius,
412 2155 507 2212 Crassi
530 2159 649 2230 legatus,
666 2159 777 2214 iniussu
794 2156 874 2214 duds
900 2169 1026 2230 pugnam
1041 2171 1195 2212 conserens
1210 2156 1306 2212 victus

222 2249 273 2312 est,
296 2243 333 2299 ad
352 2242 426 2299 hanc
446 2242 671 2303 Romanoruml
672 2261 755 2317 ugam
771 2244 969 2316 Fragmentum
991 2243 1090 2298 reterri
1109 2257 1200 2339 posse
1221 2246 1302 2336 puta-

220 2331 320 2385 verim.
337 2331 372 2386 el.
391 2330 554 2387 Plutarch.
547 2347 576 2385 rn
594 2327 687 2386 Crass.
701 2347 725 2384 c.
740 2336 781 2397 10,
797 2330 835 2384 in
864 2318 1187 2404 Κράσσος-*Μώμου
1202 2317 1303 2425 adalp

219 2408 425 2510 περιέπεμψεν,
442 2409 566 2472 ἕπεσθαι
579 2407 717 2482 κελεύσας
727 2415 787 2482 τοῖς
800 2409 957 2512 πολεμίοις,
972 2407 1193 2487 συμπλέκεσθαι
1202 2403 1287 2470 δὲ
1249 2430 1302 2508 pp,

218 2485 324 2574 μηδὲθ
310 2500 497 2596 αψιμαχειν.
520 2485 641 2558 ””Οδ
622 2518 683 2572 αμα
700 2498 742 2576 τῷ
757 2497 875 2574 πρῶτον
896 2486 938 2554 ἐπ’
955 2491 1071 2568 ἐλπίδος
1091 2493 1231 2574 γενέσθαι
1244 2489 1302 2572 μά-

219 2603 275 2659 χην
298 2577 427 2680 θέμενος
445 2572 576 2658 ἡπτηθη·
603 2576 665 2639 uoci
690 2577 821 2639 πολλοὶ
846 2575 912 2656 μὲν
937 2577 1086 2658 ἔπεσον,
1113 2577 1303 2642 πολλοὶὸὲ

219 2662 308 2726 ἄνευ
323 2668 395 2726 τῶν
410 2657 531 2727 (tutuo
548 2657 754 2766 ‹peripovccc
775 2657 984 2742 ἐσώθησαν.
1027 2671 1070 2726 Ex
1090 2671 1191 2726 borum
1216 2670 1301 2742 igitur

218 2757 416 2830 perseeutione
432 2757 541 2811 reversi
557 2755 633 2811 servi
648 2755 802 2822 incastris,
821 2770 893 2826 quae
909 2755 1248 2828 Romaniproperoutes,
1242 2775 1260 2812 r.
1274 2776 1300 2812 e.

217 2841 364 2914 praecipiti
381 2843 448 2914 tuga
467 2841 660 2912 deseruerant,
682 2841 768 2896 multa
782 2840 879 2896 edulia
893 2841 1008 2911 vinique
1024 2842 1134 2912 copiam
1150 2841 1223 2896 nacti
1237 2843 1299 2898 cibo

220 2929 342 2999 vinoque
358 2945 389 2984 se
407 2929 570 2999 invitabant,
592 2929 611 2984 i.
624 2943 650 2983 e.
671 2926 812 2999 epulando
833 2943 866 2982 ae
886 2926 1010 2998 potando
1032 2926 1226 3006 indulgebant.
1269 2929 1301 2984 ln

218 3015 273 3071 hac
288 3031 391 3072 sensus
402 3016 602 3088 perspicuitate
617 3015 784 3086 interpretes
799 3018 892 3069 tamen
906 3012 1050 3084 ambigunt
1066 3012 1101 3069 de
1116 3013 1301 3084 grammatica

220 3103 368 3157 verborum
384 3089 501 3158 ratione.
553 3101 663 3158 Curtius
685 3101 760 3156 enim
780 3097 865 3156 valde
887 3099 1058 3154 assentiente
1079 3096 1227 3154 Gerlachio
1242 3099 1301 3156 cibo

217 3189 331 3260 vinoque
346 3205 397 3260 pro
415 3187 516 3244 dativis
530 3187 624 3254 habet,
643 3185 733 3242 verba
754 3184 899 3254 explicans
918 3185 1067 3240 invitabunt
1077 3199 1109 3240 se
1130 3184 1174 3240 ud
1187 3185 1301 3240 eibum

191 3287 192 3290 ’
217 3276 416 3346 vinumque.
447 3271 479 3328 ld
497 3289 548 3344 per
564 3289 594 3327 se
616 3287 672 3324 non
688 3271 825 3324 absonum
840 3269 927 3342 toret,
949 3270 973 3324 si
989 3271 1104 3326 invitare
1120 3269 1196 3326 idem
1214 3275 1299 3338 esset,

218 3358 295 3429 quod
311 3360 444 3429 excitare,
460 3357 585 3418 locrio&
600 3355 652 3411 sed
668 3354 801 3425 fugitivos
818 3355 976 3410 esurientes
997 3373 1014 3412 a
1029 3355 1234 3427 persequendis
1250 3355 1300 3412 ho·

218 3445 306 3498 stibus
319 3445 347 3498 in
360 3449 451 3500 castra
462 3443 608 3514 ingressos
620 3438 786 3511 quiscredat
796 3440 957 3498 invitatione
970 3439 1154 3498 adedendum
1163 3440 1300 3512 eguisse?

218 3529 311 3596 Quare
326 3529 382 3584 alia
398 3529 443 3585 vis
457 3530 574 3584 invitare
588 3525 668 3581 verbi
684 3539 749 3580 esse
763 3523 863 3594 debet,
885 3541 940 3596 quo
957 3525 1042 3584 simul
1058 3531 1214 3584 structurae
1228 3528 1299 3582 ratio

217 3617 347 3679 mutatur.
386 3614 522 3668 Nimirum
537 3610 688 3683 peculiaris
704 3609 778 3665 inre
795 3612 903 3684 epulari
921 3612 981 3668 eius
999 3629 1067 3668 usus
1084 3618 1135 3681 est,
1152 3613 1232 3684 isque
1249 3612 1299 3669 du·

216 3699 292 3770 plex.
329 3698 399 3752 Nam
417 3698 537 3770 primum
556 3699 671 3756 incitare
688 3693 749 3752 sive
765 3697 855 3766 nude,
879 3698 940 3754 sive
958 3696 1055 3752 addito
1071 3698 1245 3762 substantivo
1262 3699 1297 3754 de

215 3785 321 3856 bospite
338 3782 455 3852 dicitur,
476 3783 523 3855 qui
545 3784 674 3840 convivis
696 3783 783 3857 dapes
792 3783 923 3857 praebet,
942 3783 1003 3838 sive
1020 3785 1108 3856 epulis
1122 3799 1169 3840 cos
1189 3785 1298 3858 ocupa,

176 3875 178 3878 ’
217 3887 290 3941 quae
306 3868 419 3925 dicendi
439 3869 509 3924 ratio
529 3869 594 3924 indo
609 3870 763 3941 repetenda
780 3869 908 3938 videtur,
928 3868 1004 3940 quod
1018 3870 1183 3941 plerumque
1200 3868 1297 3926 adiun-

216 3957 290 4028 gitur
306 3956 462 4012 exhortatio
479 3956 540 4012 sive
557 3957 692 4027 invitatio,
712 3964 742 4013 ut
756 3957 794 4012 illi
809 3953 947 4027 appositis
964 3953 1084 4025 dapibus
1103 3956 1243 4024 truantur3
1262 3959 1297 4012 cl.

217 4039 298 4097 Caes.
315 4041 347 4096 B.
365 4041 395 4098 G.
410 4044 519 4111 1‚74,4.
552 4037 668 4099 Interim
682 4044 730 4097 ulii
743 4057 808 4098 suos
822 4043 850 4096 in
867 4044 963 4096 castro
977 4041 1298 4107 iooitundteoussu

215 4125 364 4184 adducunt.
397 4127 466 4186 Gell.
481 4129 540 4185 NN.
557 4129 621 4184 ΑΑ.
638 4126 710 4194 ΧΙΧ,
727 4130 754 4184 7.
798 4126 886 4182 Iulius
901 4126 1007 4182 Paulus
1019 4134 1110 4198 'saepe
1122 4142 1174 4182 nor
1187 4127 1226 4180 od
1237 4141 1298 4182 scre

215 4211 342 4285 vocabat,
369 4209 592 4270 etoluscolts
617 4207 801 4283 pomisque
825 4214 892 4268 sutis
912 4211 1298 4284 comitereoprbscqueinoi-

215 4299 319 4364 tubat.
349 4301 559 4375 lustin.l,6,5.
590 4297 708 4353 Eosdem
717 4303 833 4374 postera
848 4299 892 4354 dic
905 4299 1052 4372 apparatis
1065 4298 1153 4370 epulis
1167 4298 1299 4358 invitat.
