3064 4966
437 343 686 403 HISTORIARUM
706 341 931 401 FRAGMENTA
952 337 1119 397 INCERTA.
1246 330 1309 398 385

334 539 386 602 56.
431 531 473 602 Hi
493 535 586 616 sunt,
608 531 662 625 qui
685 529 864 602 secundum
884 528 1004 621 pocula
1018 532 1052 599 et
1071 526 1152 597 alias
1170 547 1224 598 res
1247 549 1311 596 au-

232 678 307 727 reas
329 656 391 726 diis
410 657 539 726 sacrata
560 655 776 753 instmmenta
789 655 942 728 convivio
962 656 1158 729 mereantur.

334 785 385 852 57.
424 781 505 850 Nam
531 781 609 853 talia
633 782 779 873 incepta,
811 779 843 848 ni
876 779 909 849 in
932 778 1154 851 consultorem
1183 776 1312 848 vertis-

234 909 323 992 sent,
346 905 544 998 reipublicae
560 905 688 995 pestem
709 904 844 974 lactura.

198 1165 200 1169 .
233 1114 383 1170 verborum
400 1099 568 1167 obscuritate
590 1107 784 1164 difficillimum
800 1114 843 1164 est
866 1123 963 1164 verum
981 1112 1028 1162 aut
1048 1116 1123 1164 certe
1138 1110 1312 1182 probabilem

235 1214 348 1253 sensum
362 1213 477 1266 eruere,
490 1194 657 1268 praesertim
673 1209 758 1265 quum
769 1209 804 1248 ne
817 1193 955 1266 scriptura
971 1191 1084 1263 quidem
1096 1194 1199 1250 mendo
1215 1209 1311 1249 carere

235 1282 372 1339 videatur.
405 1283 503 1353 Neque
523 1286 616 1336 tamen
638 1294 701 1334 cum
725 1277 873 1333 Gerlachio
893 1277 956 1332 Vol.
980 1277 1026 1332 ΙΙΙ.
1041 1294 1069 1348 p.
1087 1274 1146 1337 135.
1168 1278 1266 1336 vitium
1284 1280 1312 1332 in
1420 1319 1423 1324 .

234 1366 383 1422 seeundum
396 1367 535 1439 particula
553 1380 675 1436 quaero,
693 1362 745 1420 sed
761 1362 790 1417 in
803 1367 962 1418 nrereantnr
973 1364 1077 1432 verbo,
1099 1362 1174 1435 quod
1190 1379 1225 1418 ex
1239 1377 1312 1420 rner-

237 1455 337 1506 cantnr
351 1457 419 1522 puto
437 1455 607 1521 corruptum.
628 1449 723 1504 Verba
739 1447 812 1502 enim
831 1447 959 1503 videntur
973 1445 1111 1516 hominis,
1134 1448 1196 1502 sive
1218 1448 1242 1504 is
1265 1464 1313 1504 au·

236 1543 296 1591 ctor
311 1536 373 1608 ipse
389 1540 447 1603 est,
464 1535 525 1590 sive
548 1534 632 1602 alius,
653 1549 736 1605 quem
753 1535 913 1605 loquentem
932 1531 1053 1600 inducit,
1074 1532 1228 1589 incusantis
1245 1549 1313 1604 quo-

235 1619 363 1676 rumdam
378 1620 583 1691 improbitatem
603 1623 630 1674 et
646 1618 800 1686 luxuriam,
816 1618 862 1691 qui
878 1634 960 1674 sacra
974 1616 1046 1672 vasa
1060 1619 1271 1685 mercabantur,
1284 1621 1314 1673 ut

236 1707 264 1760 in
279 1705 419 1762 conviviis
434 1705 469 1760 iis
491 1709 641 1760 uterentur.
672 1704 750 1771 Quae
771 1701 825 1758 diis
848 1708 958 1760 saerata
978 1703 1161 1760 instrumenta
1181 1703 1312 1774 quoniam

236 1805 292 1844 non
307 1789 361 1846 nisi
376 1791 411 1846 ab
428 1789 473 1858 iis,
490 1791 536 1861 qui
552 1805 588 1846 ea
604 1794 764 1860 rapuerant,
780 1789 834 1844 emi
847 1793 985 1860 poterant,
1001 1789 1122 1846 tortasse
1137 1785 1314 1860 intelligendi

236 1880 309 1944 sunt,
323 1890 398 1945 quos·
410 1889 466 1930 non
482 1874 606 1946 pudebat
621 1889 657 1928 ex
671 1873 851 1946 lugitivorum
866 1871 1094 1946 praedationibus
1103 1875 1218 1934 ,lucrum
1230 1885 1314 1945 quae·

235 1975 296 2014 rere
312 1961 346 2014 ab
362 1959 452 2031 iisque
464 1965 560 2030 raptas
575 1975 621 2014 res
637 1959 767 2014 mercari.
783 1957 841 2015 Sed
856 1958 925 2014 nihil
939 1959 1029 2016 tribuo
1044 1958 1110 2014 huic
1125 1960 1314 2026 coniecturae,

235 2059 406 2115 quaequam
426 2045 532 2100 incerta
554 2044 590 2099 sit
610 2043 671 2115 lpse
693 2044 781 2115 probe
803 2043 937 2124 intelligo.
961 2042 1133 2117 Sententiam,
1151 2042 1226 2119 quod
1248 2043 1314 2098 Ger·

235 2128 328 2183 lachio
354 2127 540 2184 offensionem
561 2128 703 2208 praebuit,
727 2143 812 2198 quum
833 2130 926 2183 valeat
942 2132 1078 2200 praeter,
1100 2127 1237 2183 sententia
1255 2128 1313 2181 lere
1411 2149 1412 2154 ¹

235 2212 306 2267 haec
322 2218 380 2268 est:
398 2212 428 2268 hi
446 2218 524 2283 sunt,
545 2213 592 2284 qui
612 2227 667 2268 non
684 2212 771 2268 solnm
791 2214 894 2284 pocula
916 2216 943 2268 et
965 2213 1035 2270 alias
1059 2227 1105 2268 res
1129 2228 1245 2280 aureas,
1265 2209 1316 2267 sed

235 2298 316 2353 etiarn
332 2291 386 2351 diis
403 2302 513 2353 sacrata
525 2297 708 2353 instrumenta
723 2297 855 2353 convivio
871 2303 1038 2354 mercantur.

320 2381 370 2436 llis
383 2381 571 2455 Fragmentis,
589 2398 660 2455 quae
673 2381 710 2438 ad
724 2398 863 2454 personas
874 2387 1009 2454 spectant,
1026 2381 1220 2456 subiungimus
1231 2397 1315 2454 qnar-

236 2471 291 2522 tam
306 2469 427 2522 classem
443 2483 555 2536 eorum,
573 2483 645 2540 quae
663 2465 698 2522 de
714 2467 931 2526 rebus-urbanis
946 2467 1114 2541 explicanda
1130 2467 1270 2525 videntur.

319 2551 364 2609 Fr.
379 2553 422 2610 57.
444 2551 541 2622 [Deest
556 2551 631 2626 apud
650 2549 723 2608 Cort.
740 2581 783 2591 —
797 2553 870 2610 Gerl.
886 2551 932 2608 ed.
950 2555 1016 2624 mai.
1032 2553 1089 2610 lnc.
1105 2557 1165 2612 185.
1184 2553 1229 2608 ed.
1245 2552 1313 2608 min.

236 2636 292 2692 lne.
311 2638 354 2695 57.
371 2653 400 2708 p.
413 2641 479 2705 238,
494 2643 536 2696 22.
552 2637 635 2695 Debr.
653 2636 694 2707 V,
708 2638 764 2705 57.]
780 2638 879 2696 Donat.
896 2637 933 2696 ad
948 2638 1029 2712 Virg.
1046 2637 1118 2696 Aen.
1134 2639 1154 2708 l,
1171 2643 1214 2700 37.
1229 2637 1315 2694 habet

235 2739 300 2776 nam
314 2721 380 2776 tatia
393 2723 503 2793 incepta
518 2723 699 2778 consultorem
716 2727 768 2776 etc.
788 2723 865 2779 Idem
882 2721 920 2779 ad
934 2721 1006 2780 Aen.
1022 2722 1075 2792 IV,
1094 2727 1233 2783 3151111111
1249 2723 1315 2778 tatia

235 2809 344 2878 incepta
359 2807 551 2874 niinconsnlto
564 2809 739 2862 reportassent
752 2812 821 2875 ete,
845 2807 920 2863 unde
942 2807 1023 2864 facile
1044 2807 1138 2879 prodit
1157 2824 1227 2864 vcra
1247 2808 1316 2864 sori·

236 2897 334 2962 ptura,
350 2905 433 2961 quam
445 2897 598 2961 praeeunte
613 2890 736 2945 Linkero
752 2889 787 2945 de
803 2893 894 2947 Praei.
912 2893 972 2948 urb.
989 2891 1067 2948 Ferr.
1084 2894 1141 2956 lati.
1159 2909 1188 2963 p.
1206 2897 1249 2951 21.
1267 2908 1315 2948 ex·

237 2973 388 3030 hibuimus.
411 2973 575 3032 Gerlachius
591 2975 618 3028 in
635 2974 680 3030 ed.
695 2975 759 3034 mai.
771 2976 892 3046 priorem
913 2975 1013 3032 Donati
1033 2978 1180 3032 lectionem
1202 2983 1315 3032 secutus

237 3061 265 3115 in
281 3059 389 3114 minore
406 3057 441 3112 de
457 3059 618 3116 coniectura
630 3076 681 3116 sua
695 3060 808 3131 scripsit
821 3061 851 3116 in
864 3061 1061 3124 consultorem
1074 3061 1243 3116 Debroseius
1260 3059 1316 3116 dis·

238 3145 328 3200 solute
344 3141 421 3198 dedit
433 3160 463 3198 n.
477 3145 525 3200 tot.
541 3146 595 3200 inc.
612 3161 680 3200 non
690 3159 764 3200 cons.
779 3147 931 3214 curassent,
947 3160 1068 3202 rernm
1074 3150 1180 3218 pestem
1190 3144 1315 3218 factura.

239 3229 328 3298 Quum
345 3226 400 3283 dici
416 3233 536 3300 nequeat
547 3229 661 3301 factura
685 3229 839 3288 infinitivus
862 3230 911 3300 sit,
933 3247 969 3286 an
991 3231 1107 3294 verbum
1125 3227 1239 3302 aliquod
1255 3229 1321 3284 fini.

205 3347 206 3350 =
238 3318 296 3368 tum
311 3313 389 3367 velut
404 3319 486 3368 eram
500 3313 548 3368 vel
562 3315 724 3370 videbantur·
742 3331 759 3370 a
778 3313 960 3388 grammatico
981 3315 1117 3370 omissum
1139 3315 1188 3384 slt,
1210 3330 1266 3370 non
1285 3315 1317 3369 li-

240 3401 305 3467 quet
319 3401 411 3452 utrum
433 3399 520 3454 verba
542 3400 632 3470 ipsius
653 3399 778 3456 Sallustii
794 3400 862 3469 sint,
882 3415 917 3456 an
935 3401 1100 3456 sententiam
1122 3399 1239 3455 alicuius
1262 3399 1316 3456 viri

240 3480 408 3536 contineant.
429 3482 460 3536 ln
474 3499 505 3538 re
522 3485 643 3539 obseura
657 3483 770 3539 minime
791 3484 859 3540 milri
874 3485 1007 3556 probatur
1028 3484 1142 3539 Linlreri
1158 3484 1282 3555 suspicio
1298 3485 1315 3539 l.

240 3567 258 3620 l.
273 3567 432 3637 proposita,
447 3583 483 3622 ex
498 3565 586 3623 Catuli
600 3569 694 3639 aliqua
707 3569 826 3640 epistola
849 3567 886 3624 ad
907 3575 1049 3638 senatum,
1067 3583 1150 3639 quam
1166 3565 1316 3624 Sallustius

239 3649 369 3706 Historiis
383 3651 539 3722 inseruerit,
554 3653 750 3725 Fragmentum
763 3669 827 3710 esse
839 3654 963 3726 petitum.
976 3653 1047 3710 Nam
1062 3651 1138 3724 quod
1154 3651 1190 3708 de
1202 3653 1251 3708 illa
1260 3653 1319 3727 epi-

241 3735 312 3790 stola
327 3733 409 3790 allert
432 3737 623 3794 auctoritatem
646 3737 794 3794 Frontonis
814 3755 842 3809 p.
866 3741 926 3798 178.
951 3739 996 3794 ed.
1017 3735 1098 3793 Rom.
1121 3739 1162 3809 (p.
1187 3743 1246 3796 122.
1270 3737 1316 3794 ed.

240 3818 385 3888 Mediot.),
401 3837 493 3893 neque
515 3821 616 3878 dicitur
635 3837 669 3876 eo
682 3823 744 3878 loco
761 3822 837 3894 apud
850 3822 1012 3880 Sallustium
1028 3823 1103 3878 illam
1118 3823 1190 3896 legi,
1209 3830 1235 3879 et
1248 3824 1319 3880 mul·
1339 3872 1342 3883 .

240 3906 276 3960 tis
293 3903 328 3958 de
344 3907 454 3962 caussis
470 3908 614 3978 probabile
627 3912 669 3961 est
685 3909 713 3962 in
727 3907 857 3963 Historiis
875 3909 990 3963 relatam
1002 3923 1058 3962 non
1073 3907 1171 3963 luisse.
1189 3907 1316 3964 Ceterum

240 3989 362 4046 eandem
377 3992 526 4048 verborum
542 3995 708 4047 structuram
719 3991 803 4048 habet
815 3993 898 4069 etiarn
912 3992 999 4048 Tacit.
1015 3989 1091 4047 Ann.
1106 3991 1159 4060 Xl,
1176 3995 1220 4061 37,
1237 4000 1263 4051 1.
1283 3991 1323 4048 Ni

241 4075 352 4130 caedem
373 4073 567 4145 (Messalinae)
591 4075 742 4131 Narcissus
756 4078 982 4150 properavisset,
1001 4081 1164 4132 verterat
1178 4079 1320 4150 pernicies

240 4161 275 4213 in
289 4159 613 4218 accusatoremrlie
628 4160 764 4216 sententis
779 4161 891 4234 ipsacl.
910 4160 993 4218 eund.
1010 4160 1048 4216 ib.
1066 4159 1118 4230 Vl,
1136 4167 1195 4230 10,
1207 4165 1233 4220 2.
1249 4161 1332 4217 dae·¹

235 4243 463 4339 'insumentum’
489 4258 542 4302 sua
566 4245 696 4319 acepta
724 4245 758 4301 in
784 4246 1013 4305 consultores
1035 4243 1221 4305 recidisse.
1250 4244 1318 4305 Sall.

283 4365 408 4406 smnusrr
428 4365 531 4407 11111111.
1073 4341 1114 4406 25
