3102 4956
366 388 370 396 ·
434 362 683 421 msronmnun
711 361 946 420 ιιιιιιιιιιιι.
982 362 1051 418 ιιι.
1080 361 1124 416 ιιι.
1174 339 1179 348 ’
1260 353 1326 420 aas

346 541 404 624 53.
439 549 512 637 Oua
537 553 731 644 tempestate
745 543 797 624 'ex
815 551 922 624 Ponto
943 549 995 620 vis
1017 549 1156 642 piscium
1184 548 1300 641 erupit.

245 793 314 850 Sall.
339 792 468 849 omnibus
490 793 591 850 vitiose
612 793 712 865 legitur
734 794 823 865 aquilo
845 809 896 863 pro
913 791 1047 864 aquilem,
1069 795 1099 844 ut
1112 789 1268 844 rectissime
1288 791 1331 842 est

245 877 321 949 apud
337 877 478 935 Servium.
523 879 553 933 ln
569 886 700 950 promptu
716 886 759 933 est
777 877 868 933 iraudi
886 876 1040 933 editoribus
1056 875 1144 931 luisse
1160 875 1227 929 solet
1247 876 1328 928 abso-

246 965 301 1018 lute
322 964 454 1034 positmn,
471 963 507 1020 de
526 979 580 1035 quo
601 981 654 1019 usu
670 963 794 1026 diximus
810 962 847 1018 ad
863 961 943 1018 Catil.
958 978 983 1017 c.
997 959 1096 1028 XXIX,
1120 965 1146 1017 2·
1161 976 1190 1030 p.
1210 963 1272 1018 133.
1294 960 1331 1013 ιΙ.

247 1049 320 1105 intra
339 1049 385 1104 Fr.
402 1047 447 1116 ΙΙΙ,
462 1051 505 1110 78.
527 1052 572 1108 39.
589 1049 650 1105 Liv.
667 1049 699 1118 ΙΙ,
714 1055 740 1118 a,
757 1053 785 1108 3.
828 1047 975 1104 Desectam
988 1051 1103 1116 sepetem
1117 1044 1220 1116 fudere
1234 1046 1269 1098 ιά
1286 1043 1330 1098 Τι’-

246 1133 331 1189 terrm
355 1135 429 1188 team
444 1135 573 1206 fluentem
598 1150 687 1204 apua,
714 1139 751 1190 ut
770 1132 893 1188 mediis
916 1130 1102 1188 coloritus
1124 1130 1228 1199 solet,
1254 1135 1332 1185 etv.

246 1218 458 1274 Drakenborch.
474 1219 512 1274 ad
526 1219 575 1287 Vl,
591 1221 635 1286 34,
652 1225 679 1276 6.

332 1304 378 1358 Fr.
394 1308 438 1362 53.
469 1302 555 1372 [Cort.
572 1322 601 1374 p·
617 1308 694 1363 1006.
711 1302 785 1358 Gerl.
801 1301 847 1356 ed.
861 1300 926 1356 mal.
946 1301 1004 1355 Ine.
1022 1301 1067 1359 99.
1084 1298 1130 1354 ed.
1144 1298 1213 1352 mio.
1228 1297 1272 1366 ΙΙΙ,
1288 1298 1333 1356 tr.

247 1405 276 1459 p.
291 1391 353 1454 Ili,
374 1389 419 1446 st.
434 1387 517 1443 Debr.
535 1389 581 1454 ΙΙΙ,
596 1383 666 1460 me]
699 1388 802 1454 Verba,
820 1387 859 1442 uti
873 1385 1025 1452 edidimus,
1040 1387 1151 1438 exstant
1166 1381 1242 1453 apud
1251 1381 1333 1438 Serv.

248 1471 285 1526 ad
301 1473 381 1542 Virg.
401 1472 474 1527 Aen.
489 1472 537 1544 IV,
554 1477 615 1530 132·
642 1472 750 1531 Eadem
762 1473 848 1526 relert
864 1471 947 1525 etiam
963 1468 1059 1526 Schol.
1080 1467 1117 1522 ad
1132 1467 1258 1522 Iuvenal.
1275 1465 1336 1522 Sat.

247 1557 294 1625 IV,
309 1560 351 1616 ta.
370 1556 426 1611 sic:
452 1559 542 1628 itaque
561 1563 718 1629 tempestate
726 1559 847 1628 piscium
862 1557 902 1612 eis
919 1553 1008 1610 Ponto
1024 1554 1130 1624 erupitr
1151 1567 1223 1622 quae
1239 1567 1334 1621 quam·

249 1657 331 1712 quam
347 1657 434 1696 sensu
448 1653 549 1712 parum
565 1642 848 1714 discrepant„tamen
864 1645 959 1712 aperte
976 1638 1137 1694 memoriter
1155 1638 1238 1692 allata
1260 1641 1335 1703 sunt,

248 1731 278 1781 ut
292 1725 415 1782 ostendit
436 1729 527 1799 imque
545 1743 596 1799 pro
619 1745 674 1800 quo
689 1728 822 1800 positum,
836 1741 874 1782 erc
888 1724 1061 1797 praepositio
1078 1724 1195 1791 omissa,
1209 1737 1242 1778 ac
1257 1735 1336 1799 pror·

248 1828 297 1867 sus
312 1816 434 1867 mutatus
451 1814 601 1868 verborum
623 1811 704 1868 ordo.
729 1811 830 1880 Quare.
843 1813 889 1868 vel
904 1809 977 1866 hanc
992 1811 1028 1864 ob
1051 1824 1182 1866 caussam
1197 1807 1337 1878 improba-

246 1897 311 1952 bilis
331 1903 376 1951 est
396 1894 625 1954 Schurzileischii
643 1898 803 1954 coniectura
818 1913 869 1968 pro
888 1899 980 1968 ltaque
995 1899 1153 1966 tempestate
1169 1892 1337 1965 corrigentis

245 1981 428 2054 finitoque
449 1987 549 2053 temp.;
573 1981 626 2038 sed
646 1985 732 2038 multo
754 1983 845 2056 magis
868 1980 1006 2038 sententia
1028 1996 1091 2034 eam
1113 1979 1231 2049 respuit.
1263 1978 1336 2034 Nam

247 2071 393 2137 tempestas
411 2066 447 2122 da
463 2067 603 2122 eontInuis
619 2073 646 2122 et
663 2074 738 2122 certo
753 2072 879 2138 ternpore
898 2066 1051 2122 orientibus
1068 2063 1208 2134 aquilonis
1223 2061 1335 2118 flatibus

248 2150 304 2205 dici
321 2149 433 2222 nequit3
457 2152 522 2205 etsi
542 2152 597 2208 dici
614 2159 721 2223 posset,
738 2167 784 2206 res
801 2152 863 2223 ipsa
879 2155 1064 2222 repugnaret,
1087 2147 1226 2218 siquidem
1241 2149 1337 2218 pisces

249 2251 304 2289 non
321 2237 401 2305 finito
416 2242 592 2307 tempestate,
615 2237 668 2291 sed
689 2253 751 2292 cum
767 2242 933 2307 tempestate
955 2234 1102 2306 ipsiusque
1117 2232 1292 2303 tempestatis
1308 2231 1337 2287 vi

161 2393 163 2396 Ι
205 2393 206 2396 ¹
247 2321 385 2396 exPoputo
402 2328 560 2395 erumpunt.
605 2321 674 2376 ilinc
690 2337 725 2392 ne
741 2328 855 2392 recepta
879 2319 993 2393 quidem
1015 2319 1154 2391 scriptura
1177 2333 1238 2372 earn
1254 2316 1338 2372 vocis

248 2405 463 2478 explicationem
481 2405 609 2461 admittit.
638 2405 699 2474 Quo
713 2411 870 2478 tempestate
885 2407 960 2462 enim
976 2402 1118 2477 signifieat
1132 2417 1186 2474 pcto
1197 2407 1337 2473 tempore;

247 2496 303 2546 tota
322 2497 415 2546 autem
437 2491 615 2558 enunciatio,
631 2497 725 2565 utpote
741 2493 921 2563 temporalis,
934 2488 1114 2547 secundam
1131 2494 1190 2556 est,
1216 2488 1261 2543 cui
1279 2486 1336 2560 pri*

247 2576 337 2631 maria
363 2574 496 2632 adluncta
522 2577 604 2632 luerit
627 2595 747 2634 neeesse
763 2584 815 2633 est.
859 2576 938 2645 Quae
955 2591 1125 2647 quamquam
1151 2574 1228 2629 nullo
1251 2577 1335 2644 pacto

175 2682 180 2692 ι
246 2662 384 2733 praestari
402 2667 504 2733 potest,
521 2668 615 2718 tamen
631 2663 668 2719 ad
685 2664 821 2718 orationis
842 2664 975 2731 lormam,
997 2677 1070 2732 ques
1085 2660 1193 2716 omissa
1213 2657 1336 2730 apodesi

248 2749 398 2802 obscurata
416 2751 474 2814 est,
499 2748 712 2804 monstrandam
733 2750 787 2802 tale
804 2746 872 2819 quid
887 2746 1050 2804 Sallustium
1074 2745 1181 2802 dixisse
1197 2744 1336 2800 coniicio:

248 2847 303 2901 quo
318 2835 451 2904 tempore
462 2847 499 2884 err
512 2831 599 2886 Ponto
614 2828 660 2887 'vis
675 2833 796 2902 piscium
812 2833 911 2903 erupit,
927 2831 1059 2903 Byzantii
1071 2845 1177 2886 summo
1189 2830 1277 2886 σίνδίο
1288 2845 1335 2884 σοι

242 2921 349 2986 ptmree
364 2929 480 2986 operam
493 2915 569 2972 dont.
605 2916 645 2970 De
660 2933 691 2970 re
718 2917 781 2986 ipsa
798 2922 928 2971 accurate
951 2917 1010 2986 egit
1031 2914 1132 2971 Strabo
1151 2915 1212 2970 Vll.
1229 2931 1258 2986 p.
1273 2916 1336 2973 493.

249 2999 285 3055 Α.
301 3000 401 3055 Almel.
427 2987 510 3093 Ἔστι
528 2986 608 3056 δὲτο
625 2993 721 3077 Κέρας
741 2992 1101 3092 προσεχὲςῃωΒυζαντίω
1109 2995 1203 3094 τείχει,
1229 2987 1338 3067 κόλπος

248 3069 392 3177 δαίμον’
372 3102 411 3150 τις
420 3070 495 3158 πρὸς
508 3073 595 3140 δύσιν
609 3077 656 3140 ἐπί
667 3019 804 3152 issemus
815 3055 966 3178 ἑξήκοντα,
980 3053 1089 3150 ἐοικδς
1092 3073 1205 3178 ἐλάφου
1219 3077 1335 3180 κέρατι·

249 3187 289 3236 εις
299 3187 358 3243 γαρ
383 3167 535 3238 πλείστους
557 3165 681 3266 σχίζεται
702 3160 863 3236 κόλπους
845 3187 883 3236 τις
903 3154 942 3224 δν
959 3155 1089 3235 κλάδους
1112 3154 1203 3238 τινδις,
1226 3157 1313 3234 είς
1284 3185 1337 3235 ους

249 3240 465 3345 ἐμπίπτουσα
450 3273 470 3327 η
491 3247 628 3329 πηλαμὺς
644 3243 793 3312 ἁλίσκεται
813 3247 922 3334 ῥαδίως
943 3242 994 3309 δια’
1014 3269 1044 3307 τε
1066 3243 1098 3308 τὸ
1102 3251 1240 3348 πλῆθος
1246 3238 1338 3324 αὐτῆς

250 3331 300 3395 καί
319 3324 375 3410 τὴν
389 3335 459 3414 βίαν
483 3339 535 3396 τοῦ
559 3330 788 3408 συνελαύνοντος
804 3311 858 3437 ῥοῦ
875 3325 979 3394 καί’
946 3357 1002 3413 την
1027 3325 1183 3415 στενότητα
1199 3336 1260 3392 τῶν
1272 3325 1338 3394 tto't

249 3439 324 3524 repam,
340 3413 479 3480 ὥστεκαὶ
493 3418 592 3500 χερσίν
608 3413 784 3481 ἁλίσκεσθαι
802 3413 901 3482 διδ
869 3443 924 3521 την
941 3417 1144 3519 στενοχωρίαν.
1190 3419 1338 3479 Γεννᾶται

249 3502 303 3583 μὲν
319 3493 375 3564 otim
395 3494 428 3565 τὸ
450 3507 525 3578 ζῶον
540 3503 572 3565 ἐν
585 3511 646 3578 τοῖς
661 3498 737 3568 ἕλεσι
758 3509 813 3605 τῆς
825 3499 1017 3581 Μαιώτιδος,
1040 3497 1164 3602 ἰσχύσαι
1181 3501 1213 3574 δὲ
1227 3492 1337 3606 μικρὸν

249 3587 379 3650 ἐκπίπτει
397 3585 448 3649 διὰ
461 3610 513 3649 του
535 3584 675 3691 orepavor
690 3582 846 3696 ἀγεληδὸν,
866 3588 917 3652 καί
932 3587 1050 3670 φέρεται
1069 3579 1151 3670 παρὰ
1172 3579 1227 3668 τὴν
1238 3581 1335 3648 Ἀσια-

248 3663 306 3752 τὴν
318 3662 468 3752 siloem-
484 3664 623 3736 Ἐπειδὰν
639 3673 671 3736 δὲ
685 3670 744 3754 ἤδη
760 3671 884 3779 συναψῃ
897 3697 961 3748 τοις
975 3671 1133 3751 Κυανέαις,
1156 3697 1208 3735 και
1198 3672 1335 3754 mapale

248 3755 323 3843 λαξῃ
337 3753 454 3833 ταύτας,
473 3757 555 3819 ἐκ
504 3782 571 3858 της
585 3754 863 3861 Χαλκηδονιακῆς’
846 3763 937 3862 ακτῆς
952 3752 1096 3840 λευκήρης
1115 3757 1208 3840 πέτρα
1217 3760 1337 3840 προςπί-

247 3861 362 3908 πτουσα
380 3836 511 3946 φοβει
484 3865 516 3906 το
529 3848 618 3922 ζῶον,
631 3837 689 3906 δστ
693 3836 807 3918 ιδ’θδς
821 3845 862 3918 εἰς
876 3837 1066 3944 τὴνπεραίαν
1080 3844 1261 3946 τρέπεσθαι
1278 3863 1338 3905 ποι-

248 3920 388 4029 ραλαβδιν
410 3920 476 3988 d’‘
464 3951 481 3988 ο
496 3926 628 3990 ἕνταυθα
641 3925 763 4030 ροῦς,’
743 3955 805 4009 αμα
828 3930 879 3992 καί
899 3934 960 3992 τῶν
979 3923 1078 3990 τόπων
1099 3919 1230 4030 erispoio
1242 3923 1338 4034 ὄντοιν

248 4005 321 4094 πρὸς
333 4035 366 4074 το
356 4005 446 4075 ἐκεῖ
465 4011 588 4093 ῥοῦν
551 4037 603 4093 της
617 4009 778 4094 θαλάττης
776 4007 869 4076 ἐπὶ
840 4039 873 4079 το
888 4009 1055 4089 Βυζάντιον
1069 4006 1165 4074 καίΙ
1133 4035 1166 4074 το
1177 4004 1250 4122 πρὸς
1263 4005 1335 4080 adei

247 4099 343 4181 Κέρας
357 4092 536 4206 τετράφθαι
540 4117 690 4202 φυσικιις,
715 4097 922 4163 συνελαύνεται
943 4101 1049 4199 deripe,
1068 4095 1119 4160 καί
1138 4099 1257 4182 παρέχει
1273 4105 1336 4174 τοῖς

249 4183 419 4258 Βυζαντίοις
430 4182 481 4246 καί
494 4207 536 4246 τω
523 4178 633 4271 δήμω
647 4189 707 4248 τῶν
720 4188 863 4265 Ρωμαίων
876 4174 1049 4268 προςοδον’
1031 4209 1050 4246 α
1052 4178 1195 4266 ξιόλογον.
1210 4191 1332 4247 Βιενίυε

248 4275 367 4330 eandem
383 4291 443 4332 rern
457 4277 546 4350 tangit
561 4275 649 4332 Tacit.
671 4278 745 4334 Αιιιι.
761 4278 819 4346 XII,
842 4281 887 4344 63,
903 4281 927 4333 Ι.
970 4275 1137 4351 Byzantium
1149 4275 1239 4348 fertili
1263 4277 1330 4344 solo,
