3098 4970
450 389 699 454 HISTORlARUltl
719 391 954 452 FRAGMENTA.
998 393 1064 448 LlB.
1088 393 1109 451 Ι.
1282 387 1323 456 ⁵7

196 583 311 656 andita
331 581 454 674 turpis,
480 581 642 655 bonorum
662 581 807 654 omnium
825 581 1178 656 dehonestamentum?
1211 583 1325 678 ltaque

240 705 427 782 maxumam
444 707 522 780 mibi
540 707 694 785 fiduciam
709 710 795 802 parit
808 708 915 782 victor
931 706 1107 796 exercitus,
1126 706 1179 790 cui
1198 730 1259 801 per
1276 713 1326 780 tot

190 836 193 848 '
239 835 423 906 volrrcraet
441 835 574 908 labores
595 833 675 906 nihil
700 837 833 926 praeter
857 837 1033 928 tyramrum
1054 833 1239 929 quaesitum
1263 837 1325 908 est.

196 961 308 1040 aaNisi
321 953 407 1036 lorte
425 960 632 1035 tribuniciam
641 953 840 1054 potestatem
853 981 1009 1034 evorsum
1017 960 1157 1054 proiecti
1170 965 1258 1049 sunt,
1266 984 1327 1056 per

239 1187 328 1226 rasse.
350 1170 391 1226 lta
403 1167 500 1226 Cicero
516 1167 552 1224 de
568 1167 698 1240 Curione,
715 1169 845 1228 Caesaris
863 1169 1001 1237 studioso,
1016 1169 1088 1240 Epp.
1099 1167 1227 1226 adAttic.
1245 1177 1269 1238 1,
1283 1173 1328 1229 14.

239 1253 597 1332 Omwurscbontborbotcti
609 1255 727 1326 iuvenes,
742 1255 812 1312 derce
831 1254 954 1330 filiolo
972 1254 1149 1312 Curionis.
1192 1253 1270 1312 Idem
1292 1253 1327 1310 de

241 1339 339 1395 Clodio
354 1341 426 1411 Epp.
444 1339 482 1395 ad
502 1339 587 1396 Attio.-
599 1340 647 1408 lV,
665 1347 707 1400 11.
740 1340 888 1396 Perccribc
902 1340 941 1395 cd
959 1353 1019 1407 me,
1040 1339 1108 1411 qaid
1120 1339 1242 1412 Appius,
1263 1342 1331 1413 quid

240 1424 305 1480 itta
317 1424 450 1496 populi
469 1425 638 1495 Apuleio,⁸
655 1441 726 1496 quos
742 1426 822 1481 locos
840 1421 1064 1486 Gortiusattullt.
1101 1423 1185 1479 Plura
1202 1441 1232 1479 v.
1251 1425 1329 1497 apud

241 1507 435 1566 Heindortium
448 1506 487 1563 ad
500 1507 570 1562 lior.
589 1506 648 1564 Sat.
663 1509 683 1578 1,
698 1513 725 1578 8,
747 1512 792 1570 39.
805 1525 833 1581 p.
854 1512 918 1568 abt).
940 1507 986 1564 ed.
1000 1507 1159 1562 Wuestem.

326 1598 351 1658 S·
371 1598 407 1652 11
417 1621 462 1634 -
473 1596 516 1652 13.
530 1594 578 1649 cui
589 1620 634 1636 ·-
646 1595 800 1667 pumma
815 1595 879 1661 est.)
916 1592 957 1650 De
978 1592 1086 1648 ratione
1099 1591 1184 1650 meiat
1196 1610 1225 1649 v.
1243 1607 1330 1650 anuo·

240 1673 373 1736 tationem
388 1677 428 1734 ad
439 1679 500 1750 lug.
515 1694 541 1734 c.
558 1677 655 1746 XLVI,
670 1683 697 1738 d
721 1681 758 1736 cl.
776 1680 849 1736 iufra
863 1683 890 1745 s·
902 1683 945 1738 16.
960 1707 1004 1718 -
1018 1674 1162 1746 Quaerere
1175 1693 1262 1734 sensu
1271 1695 1328 1752 pn·

240 1777 309 1820 rure
325 1763 404 1820 verbi
422 1763 545 1835 positum
561 1763 764 1842 illustravimus
774 1763 812 1822 ad
827 1765 888 1837 lug.
904 1764 949 1833 III,
964 1768 992 1822 s.
1009 1779 1038 1834 p-
1058 1767 1102 1822 18.
1124 1779 1152 1820 v.
1167 1763 1241 1818 iutra
1252 1767 1328 1829 Μ.

240 1849 285 1921 111,
301 1855 327 1918 1,
342 1855 368 1908 1.
384 1881 428 1894 --
441 1848 500 1904 Per
517 1864 607 1918 arma,
624 1865 696 1920 quae
710 1853 798 1906 verba
819 1851 849 1906 in
864 1849 994 1907 omuibus
1009 1847 1077 1904 edd.
1092 1847 1329 1921 praecedentibus

241 1934 448 2006 adiunguntur,
463 1933 556 1990 Fauen
576 1940 653 1990 recte
675 1951 739 1994 curn
756 1935 905 2008 participio
922 1933 1060 1992 conditam
1077 1935 1238 2004 coniunxit,
1263 1951 1329 1990 nam

241 2035 325 2092 quum
341 2019 442 2076 milites
459 2019 555 2076 omnia
568 2019 654 2075 armis
669 2026 769 2092 agant,
785 2020 985 2079 incredibiliter
1001 2020 1118 2092 languet
1136 2019 1262 2077 additum
1272 2034 1329 2092 per

240 2121 337 2167 orma,-
363 2105 467 2177 optime
488 2111 583 2160 autem
603 2104 633 2160 id
649 2107 727 2162 valet
741 2105 777 2162 de
792 2105 929 2162 tribunica
953 2109 1108 2177 potestate,
1139 2121 1223 2176 quam
1242 2105 1329 2160 armis

241 2197 369 2262 paratam
386 2191 476 2246 luisse
492 2188 645 2246 Sallustius
665 2189 780 2264 saepius
795 2195 1012 2257 commemorat;
1031 2189 1069 2244 cl.
1087 2190 1147 2260 lug.
1164 2187 1263 2258 XXXI,
1285 2191 1329 2247 17.

241 2276 360 2332 Historr.
374 2275 421 2330 Fr.
435 2275 457 2343 I,
473 2280 517 2333 10.
536 2273 581 2342 111,
594 2278 638 2343 81,
655 2281 679 2334 1.
695 2273 774 2332 Catil.
788 2273 913 2342 XXXIII,
927 2278 954 2332 b
970 2303 1011 2318 -·
1028 2272 1077 2328 Ad
1092 2271 1234 2345 duplicem
1249 2274 1329 2330 verbi

237 2358 362 2434 profecti
376 2364 442 2416 sunt
456 2363 623 2415 structuram
638 2359 693 2416 iam
711 2358 821 2416 Cottius
843 2360 968 2416 animum
983 2356 1133 2415 advertere
1151 2359 1248 2427 iussit,
1265 2358 1330 2414 coll.

242 2447 313 2503 illst.
329 2444 442 2517 Fragm.
460 2444 512 2515 III,
531 2448 582 2513 81,
607 2447 650 2503 17.
687 2444 782 2525 Neqpe
798 2460 846 2519 epo
860 2459 910 2506 ooo
927 2445 1039 2505 ultum
1052 2445 1173 2502 ioiocrtm
1186 2443 1330 2506 borlas-3

242 2532 330 2604 mapa
346 2532 532 2602 titireqm'cm
544 2532 710 2602 cupiatis.
730 2532 766 2587 cl.
784 2531 822 2588 ad
837 2529 938 2599 Catv,
953 2529 1053 2602 arog.
1068 2529 1089 2598 1,
1103 2528 1230 2599 XXXV,
1246 2534 1272 2586 1.
1288 2557 1330 2568 -—

242 2617 369 2689 Relepoti
382 2618 412 2672 itt
423 2616 545 2688 paludes
560 2617 702 2689 exprimo
717 2607 905 2674 Historiarum
924 2615 994 2672 libro
1008 2614 1107 2671 laudat
1120 2614 1205 2672 Arus-
1221 2632 1250 2687 p.
1266 2617 1330 2676 158.

243 2703 290 2760 ed.
305 2701 450 2778 Lindem„
465 2701 517 2758 scd
538 2700 641 2758 vitiose
663 2702 692 2756 iu
713 2700 798 2758 codd.
813 2701 916 2774 legitur
938 2702 1055 2774 relcpcts
1075 2729 1118 2740 -
1139 2699 1238 2770 Silaos,
1254 2699 1331 2773 quod

244 2803 343 2845 oumes
356 2779 449 2843 codd.
471 2791 579 2853 tenent,
602 2785 700 2842 Carrio
718 2793 747 2842 et
768 2787 902 2844 Gruterus
924 2787 996 2842 male
1017 2791 1158 2842 mutarunt
1175 2786 1204 2844 iu
1224 2787 1330 2843 eduam.

243 2873 343 2928 ——dix
359 2871 414 2926 boc
430 2869 556 2926 Sallustii
570 2871 634 2926 loco
650 2871 763 2927 Tacitus
778 2872 919 2943 expressit
934 2872 1075 2942 querelas,
1093 2887 1164 2944 quas
1176 2872 1332 2928 Percenuio

245 2956 339 3014 tribuit
352 2956 380 3010 iu
404 2953 517 3010 Annali.
539 2954 567 3021 1,
590 2956 632 3022 17,
646 2961 673 3014 7.
708 2954 740 3010 Si
752 2959 813 3027 quia
829 2961 866 3011 tot
879 2971 963 3012 cocus
978 2959 1032 3012 vito
1046 2959 1236 3028 conparaverit,
1259 2955 1335 3014 troii

246 3041 338 3101 adbuc
351 3039 476 3096 macac
488 3041 519 3114 in
533 3045 642 3110 terram
657 3039 770 3112 obipcr
788 3053 887 3096 nomm
904 3055 1037 3112 aprorum
1051 3041 1206 3113 clipiaco
1221 3041 1329 3113 polu-

246 3128 322 3186 dum
346 3125 401 3184 uel
424 3126 561 3182 inculto
586 3115 752 3200 monitam
766 3125 917 3198 accipiam.
931 3153 975 3162 -
992 3123 1147 3182 Suamnon
1163 3125 1333 3193 attributum,

247 3212 299 3272 sed
318 3209 513 3284 praedicatum
527 3216 587 3281 est,
613 3211 658 3266 cui
677 3212 816 3266 exaltare
836 3215 915 3283 parte
938 3207 1093 3282 respondet
1108 3223 1199 3282 penes
1207 3224 1334 3281 paucos,-

246 3315 280 3354 ca
302 3304 333 3352 r'e
355 3313 412 3354 nou
427 3295 569 3354 intellecta
591 3295 762 3368 antiquiores
778 3294 902 3353 editores
918 3296 955 3352 im.
961 3294 1173 3367 praepositione
1192 3300 1256 3364 ante
1267 3309 1333 3350 coo-

224 3440 228 3453 ,
246 3383 383 3442 tuoteliom
398 3383 475 3440 illata
489 3386 649 3440 contextum
666 3379 831 3438 foedavere.
842 3377 1083 3454 -Imtcllcpe'rint
1098 3379 1218 3437 Oreltius
1230 3381 1334 3452 optimc

197 3529 199 3536 ‚
248 3468 359 3538 scripsit
374 3483 411 3522 ex
431 3469 496 3524 vot.
512 3474 538 3527 l.
583 3467 654 3522 Nam
677 3467 754 3538 quod
774 3467 860 3523 ceteri
876 3465 961 3524 codd
979 3472 1007 3522 et
1025 3464 1091 3522 cdd.
1113 3481 1211 3545 omnes
1230 3464 1336 3546 babent
1371 3478 1374 3484 ·

151 3569 153 3573 ·
246 3553 441 3624 intellectuat,
458 3550 610 3608 absurdam
622 3555 741 3624 praebet
756 3551 932 3622 sententiam,
948 3552 1052 3624 quippe
1067 3543 1139 3623 quac
1155 3543 1194 3607 ita
1212 3549 1251 3606 ad
1265 3550 1335 3606 illud

137 3691 139 3694 .
247 3645 359 3710 tempus
379 3637 531 3704 referatur,
554 3654 609 3708 quo
631 3637 735 3694 milites
758 3655 809 3710 pro
830 3636 910 3694 Sulla
927 3653 1006 3693 arma
1029 3641 1171 3709 caperent.
1210 3629 1334 3708 Lepidus

248 3729 341 3784 autem
357 3737 437 3794 spem
457 3719 492 3776 de
514 3720 648 3778 militibus
664 3737 700 3778 ex
715 3739 749 3778 eo
765 3738 796 3780 sc
812 3737 915 3796 capere
932 3721 1015 3790 dicit,
1043 3721 1119 3794 quod
1132 3723 1275 3778 iamiam
1291 3723 1333 3777 in-
1377 3783 1381 3790 ,

247 3809 406 3866 allexerint
424 3811 596 3879 quantopere
612 3807 732 3864 ludibrio
754 3810 809 3864 sint
828 3807 943 3880 habitis
962 3803 1058 3876 Sulla,
1084 3808 1131 3879 qui
1145 3807 1335 3880 praemiorum

146 3896 148 3900 ’
250 3897 330 3963 loco,
351 3909 424 3965 quae
443 3892 498 3948 illis
514 3892 692 3963 promiserat,
714 3893 835 3965 paludes
851 3899 880 3948 et
894 3893 984 3950 silvas
999 3893 1164 3962 attribuerit,
1181 3891 1296 3949 divitias
1308 3896 1337 3948 et

249 3997 319 4053 opes
340 3980 369 4036 in
391 3994 499 4051 paucos
515 3977 677 4047 contulerim
698 3978 775 4050 quod
797 3995 881 4050 quum
901 3994 937 4039 ex
955 3983 1053 4036 coeam
1068 3977 1182 4034 demum
1204 3977 1335 4040 milltibua

248 4072 345 4139 patere
365 4069 478 4136 posset,
500 4064 664 4130 necessario
689 4065 812 4135 sequitur
833 4063 1026 4135 imperfectum
1056 4062 1158 4118 laisum
1177 4078 1251 4119 esse.
1295 4061 1335 4118 De

252 4151 410 4223 antiquiore
425 4148 541 4222 perlecti
562 4149 653 4202 torma
675 4167 703 4205 v.
717 4148 755 4207 ad
770 4149 831 4222 lug.
852 4165 877 4204 c.
893 4147 950 4217 XL,
965 4154 992 4207 1.
1014 4165 1042 4221 p·
1058 4152 1111 4206 179
1126 4164 1169 4220 sq.

337 4242 362 4303 s.
379 4238 424 4294 14.
456 4233 550 4302 Quare
571 4235 654 4306 ἐρίων
670 4235 737 4303 etc.)
764 4233 855 4308 Igitur
874 4234 994 4288 retertur
1013 4231 1051 4288 ad
1065 4229 1139 4288 hauc
1154 4230 1334 4300 senteutiam,

251 4320 372 4393 quaein
393 4319 622 4400 antecedentibus
639 4318 726 4376 inest:
748 4337 832 4394 mum
849 4318 992 4391 mildibtoe,
1012 4315 1048 4376 ab
1067 4331 1099 4376 eo
1119 4317 1253 4390 deceptis,
1278 4317 1335 4372 tom
1391 4394 1396 4398 ἡ
1490 4329 1493 4338 ’
