3098 4970
463 423 717 485 HISTORIARUM
741 421 976 482 FRAGMENTA.
1020 422 1092 506 LlB.
1107 423 1128 480 I.
1292 415 1335 484 67

247 595 279 665 di
311 595 405 681 boni,
442 597 497 689 qui
528 596 612 666 hanc
644 593 775 680 urbenr,
805 595 930 664 amima
954 615 1049 679 cura,
1073 594 1181 665 adhuc
1202 593 1331 686 tegitis!

247 719 289 789 Ili.
313 719 491 808 AemiliuS,
515 719 916 814 omniumiiegiliosorurn
936 723 1141 811 postremus,
1165 720 1221 813 qui
1240 719 1334 810 peior

247 867 289 914 an
311 845 467 938 ignavior
488 846 531 915 sit
558 845 729 917 deliberari
762 869 828 917 non
856 848 982 939 polest,
1010 847 1189 918 exercitum
1215 845 1332 936 oppri-

247 971 388 1042 mundae
412 970 571 1042 libcrtalis
597 971 712 1056 habet,
741 975 774 1040 et
804 993 841 1042 se
867 993 889 1042 e
913 973 1100 1064 mntemplo
1121 971 1332 1042 metuendum

246 1169 304 1236 iioc
320 1180 394 1236 enhn
410 1180 477 1237 dicit
492 1178 648 1252 Philippus,
665 1181 717 1235 nisi
734 1179 815 1235 tutela
831 1177 948 1234 deorum
962 1181 1060 1236 urbem
1078 1177 1170 1238 adhuc
1185 1195 1332 1236 conserua-

245 1270 303 1338 ret,
324 1271 417 1322 actum
432 1281 498 1322 esse
511 1265 547 1320 de
559 1281 610 1332 ea,
626 1265 730 1337 quippe
752 1265 833 1320 cuius
856 1279 952 1320 curam
967 1270 1063 1337 patres
1077 1265 1161 1337 plane
1176 1266 1330 1322 omiserint.

246 1348 369 1406 Deorum
385 1354 413 1404 in
424 1352 494 1406 urbe
508 1351 647 1420 repimim‘s
661 1365 718 1406 non
732 1349 823 1404 solum
835 1348 936 1416 aliena,
953 1348 1005 1402 scd
1019 1365 1109 1420 paene
1121 1349 1245 1408 absurda
1257 1366 1330 1404 men·

247 1434 297 1488 tio.
314 1461 358 1474 -
386 1431 545 1490 Postremus
560 1433 596 1486 de
611 1433 703 1504 gradu
718 1437 745 1486 et
760 1431 891 1504 qualitate
907 1431 1011 1487 dictum
1027 1423 1333 1504 significatcilissr’mum

159 1545 161 1549 ·
248 1524 276 1571 et
293 1532 417 1590 prorsus
438 1517 658 1590 despiciendum
679 1518 716 1572 ci.
737 1516 806 1572 Iiist.
828 1516 871 1570 Fr.
892 1516 945 1584 IV,
971 1521 1019 1586 19,
1043 1523 1085 1577 12.
1126 1515 1334 1575 Postremus
1378 1573 1382 1578 ,

247 1616 389 1660 serrorum
408 1602 573 1660 Archelaus.
611 1601 668 1658 Cic.
689 1619 719 1674 p.
741 1601 827 1658 Rosa.
848 1599 913 1656 Am.
932 1618 957 1660 c.
978 1601 1026 1671 47,
1047 1603 1106 1662 137.
1137 1600 1187 1660 Sin
1200 1607 1292 1672 autem
1306 1603 1336 1658 id

246 1692 338 1744 actum
352 1694 399 1757 est,
414 1693 445 1744 ut
457 1687 580 1744 homines
593 1689 771 1760 postremi
781 1687 906 1760 pecuniis
920 1685 1018 1742 alienu
1032 1687 1276 1760 locupletarentur.
1292 1717 1330 1739 „,

246 1771 405 1829 Deliberarr'
419 1773 437 1828 i.
454 1789 480 1827 e.
502 1773 628 1844 decerni,
648 1774 786 1842 constitui,
805 1787 877 1845 quae
894 1773 974 1828 verbi
991 1773 1037 1830 vis
1054 1789 1089 1828 ec
1104 1771 1238 1844 efficitur,
1258 1773 1335 1845 quod

247 1873 435 1928 consequens,
452 1863 481 1913 ut
493 1858 667 1931 grammatici
679 1859 839 1930 loquuntur,
856 1857 973 1914 sumitur
985 1874 1037 1930 pro
1053 1858 1253 1928 antecedente3
1270 1876 1334 1916 narn

247 1958 333 2013 quum
343 1942 498 2000 deliberare
511 1945 625 2016 proprie
637 1943 672 2000 sit
683 1941 811 1999 librando
827 1947 853 1996 et
864 1941 1016 2014 pendendo
1029 1943 1147 2000 alicuius
1163 1945 1203 2000 rei
1219 1944 1333 2018 pondus

246 2029 404 2099 explorare,
426 2029 492 2100 quia
510 2029 623 2086 nonnisi
640 2044 827 2100 perpensare
846 2025 964 2084 iudicari
979 2034 1082 2102 potest,
1099 2030 1191 2100 ipsum
1206 2045 1332 2104 perpen-

246 2110 313 2169 dere
332 2129 383 2184 pro
399 2113 551 2170 iudIcando
568 2120 595 2168 et
610 2113 804 2170 constituendo
821 2110 931 2167 dicitur.
954 2114 989 2168 ct.
1005 2111 1063 2170 Cic.
1079 2115 1107 2168 in
1120 2114 1202 2170 Verr.
1219 2115 1246 2182 I,
1267 2123 1290 2182 l,
1308 2121 1333 2173 1.

246 2193 303 2254 Istc
319 2203 498 2254 statueratac
510 2195 781 2254 deliberaverat
797 2213 853 2252 non
864 2197 972 2254 adesse.
986 2225 1029 2236 -
1043 2197 1083 2252 Dc
1096 2199 1221 2270 geniaco
1237 2201 1334 2270 oppri-

247 2282 367 2338 mundae
381 2282 514 2340 libertatis
527 2298 556 2337 v.
573 2281 611 2338 ad
626 2279 684 2338 Cat.
700 2281 752 2349 VI,
776 2284 802 2339 7.
817 2296 844 2353 p.
861 2285 904 2342 36.
926 2281 971 2336 Fr.
988 2281 1015 2349 I,
1030 2285 1081 2350 45,
1096 2285 1124 2340 8.
1139 2310 1182 2320 -
1211 2283 1333 2339 Contem-
1385 2287 1390 2300 “

242 2370 310 2437 ptus
326 2368 476 2440 opponitur
492 2367 649 2437 metuendo,
671 2367 737 2438 quia
751 2372 925 2423 contemnere
939 2366 1052 2438 proprie
1071 2373 1114 2424 est
1128 2384 1184 2422 non
1197 2373 1334 2429 metuerer

111 2505 126 2518 ,
247 2467 276 2506 v.
294 2457 427 2508 annotata
439 2451 476 2509 ad
490 2453 552 2524 lug.
570 2449 707 2520 LXXXV,
724 2455 766 2511 19.
783 2450 870 2508 Tacit.
882 2450 956 2506 Anu.
972 2452 992 2520 I,
1009 2453 1058 2521 74,
1076 2459 1153 2510 1.-
1165 2451 1332 2509 Murran-

247 2542 311 2608 tes,
328 2536 403 2610 quod
417 2539 531 2610 proprie
548 2543 591 2593 est
608 2538 656 2594 vix
669 2536 781 2592 hiscere
798 2543 943 2605 conantes,
963 2539 1095 2593 translate
1111 2535 1252 2610 significat
1264 2554 1333 2610 prae

247 2621 346 2678 tInrore
367 2622 452 2680 tibere
473 2625 554 2696 loqui,
570 2623 644 2694 quod
663 2638 709 2678 res
726 2623 858 2695 postulat,
873 2639 928 2678 nen
942 2621 1087 2693 nudares,
1109 2631 1227 2695 utroque
1247 2640 1334 2679 sensu

246 2707 330 2777 piane
345 2725 505 2782 congruens
520 2723 584 2763 curn
605 2708 726 2763 dictione
748 2709 911 2780 germanica
932 2706 986 2762 den
1007 2705 1099 2764 Mund
1112 2708 1188 2766 nicht
1203 2707 1332 2782 austhun.

248 2789 288 2846 De
304 2809 337 2848 eo
353 2796 440 2850 verbo
457 2796 494 2849 ct.
507 2794 598 2848 Varro
615 2791 651 2848 de
665 2792 694 2851 L.
710 2794 741 2848 L.
757 2791 823 2861 VII,
841 2799 900 2852 101.
918 2809 948 2866 p.
964 2797 1024 2852 159.
1041 2791 1087 2848 ed.
1102 2793 1196 2851 Mueit.
1235 2792 1332 2849 Mus-

248 2890 332 2934 sare
352 2877 466 2947 dutum,
484 2877 557 2950 quod
568 2879 635 2932 muti
648 2893 703 2932 non
717 2877 836 2948 amplius
848 2894 931 2950 quam
945 2873 986 2950 μῦ
1001 2877 1102 2936 dicunt.
1138 2879 1211 2936 Non.
1227 2878 1268 2947 V,
1287 2883 1333 2938 23.

248 2977 278 3032 p.
293 2963 362 3028 421,
379 2966 421 3021 16.
437 2962 524 3017 Merc.
565 2957 696 3016 Mussare
710 2959 848 3016 bominum
863 2968 904 3017 est
915 2961 1019 3016 occulte
1040 2961 1106 3034 quid
1120 2970 1146 3018 et
1153 2977 1257 3035 pressa
1270 2978 1335 3020 voce

250 3047 427 3119 loquentium,
450 3045 524 3122 quod
543 3045 659 3100 celamm
673 3045 762 3100 velint.
786 3043 997 3101 Drakenborch.
1020 3045 1057 3101 ad
1077 3047 1138 3102 Liv.
1152 3048 1218 3115 VII,
1239 3052 1333 3116 25,1.

248 3129 407 3188 Mussantes
420 3133 492 3190 inter
507 3145 537 3188 se
558 3130 726 3202 ropitnbant,
749 3145 815 3186 num
829 3143 909 3202 quern
922 3127 1025 3202 plebeii
1043 3132 1163 3186 considis
1173 3133 1335 3204 puerriteret.

248 3215 291 3272 Id.
305 3212 431 3286 XXXIII,
450 3223 530 3285 31,1.
557 3215 615 3272 Soli
627 3215 716 3272 Aetoli
726 3215 756 3270 id
768 3216 907 3272 decretum
921 3213 993 3269 clam
1008 3219 1161 3271 mussantes
1173 3215 1334 3288 carpebant.

249 3300 399 3358 Ruhnken.
423 3302 460 3360 ad
475 3302 584 3358 Terent.
598 3301 689 3358 Andr.
705 3301 757 3370 III,
778 3306 813 3374 2,
825 3304 868 3358 25.
902 3298 1026 3372 Adelph.
1044 3299 1082 3367 II,
1104 3307 1134 3370 1,
1153 3304 1199 3360 63.
1212 3328 1256 3342 -
1278 3299 1330 3356 Ite-

249 3392 407 3458 tricantes,
430 3388 534 3446 dietum
550 3403 611 3442 are
627 3389 707 3458 quasi
727 3384 897 3442 retrahenda
912 3391 938 3440 et
955 3384 1127 3454 revocanda,
1146 3393 1189 3442 est
1202 3387 1333 3459 terpirer·

248 3476 351 3542 sanus,
362 3478 530 3542 cunctantes,
549 3474 584 3528 et.
603 3469 659 3528 Cic.
675 3471 759 3527 Tusc.
776 3470 796 3538 I,
813 3474 857 3538 31,
873 3472 917 3529 76.
948 3467 1010 3526 Sive
1026 3472 1260 3542 retractabis,
1279 3473 1335 3528 sinc

132 3592 134 3596 -
244 3555 423 3630 properabis.
454 3555 524 3614 ibid.
543 3557 578 3624 V,
595 3557 638 3624 29,
653 3560 698 3616 82.
726 3555 924 3628 Peripateticos
937 3555 1047 3612 hortari
1058 3555 1195 3628 videbare,
1216 3561 1247 3612 ut
1260 3559 1335 3612 sine

250 3643 513 3696 retractatione
526 3640 639 3697 libere
653 3641 775 3697 dicere
790 3639 933 3698 auderent.
960 3639 999 3696 id.
1014 3638 1133 3714 Philipp.
1145 3639 1220 3710 XIV,
1239 3645 1280 3711 14,
1291 3647 1334 3702 38.

171 3756 172 3760 =
250 3723 339 3792 Quum
356 3727 432 3784 sine
446 3726 529 3784 ntia¹
543 3728 804 3782 retractatione
811 3742 869 3796 pro
880 3728 977 3798 patria
992 3727 1074 3782 vitam
1087 3725 1245 3798 effuderint.
1268 3726 1335 3783 Dra·

249 3809 405 3867 honborch.
427 3810 465 3867 ad
480 3811 538 3867 Liv.
557 3809 607 3878 111,
625 3814 675 3877 49,
691 3816 718 3868 2.
753 3809 861 3882 Appius
881 3809 989 3867 [citium
1009 3816 1264 3867 retractantem
1283 3827 1345 3872 ar-‚

249 3895 400 3968 cipitata.
431 3895 479 3965 VI,
495 3899 539 3964 28,
556 3897 583 3950 4.
622 3894 762 3964 XXXVII,
777 3898 819 3962 18,
836 3899 864 3953 9.
892 3896 973 3968 Virg.
991 3897 1063 3954 Aen.
1077 3895 1138 3965 XII,
1157 3900 1220 3955 889.
1252 3895 1334 3964 Quor

252 3980 290 4036 ad
304 3983 455 4038 verborum
478 3986 645 4037 structuram
668 3981 770 4051 attinet,
792 3980 973 4055 Gerlachius,
994 3981 1085 4038 Faber
1104 3986 1131 4036 et
1149 3979 1269 4036 Orellius
1288 3984 1335 4038 ab·

252 4066 353 4126 lativos
370 4067 459 4127 cebir
479 4071 506 4121 et
523 4071 614 4122 ratum
630 4065 798 4122 carminibus
815 4065 851 4120 ad
868 4068 967 4140 optatis
989 4074 1015 4121 et
1037 4063 1182 4137 defenditis
1201 4067 1334 4134 referunt,

253 4152 329 4222 quod
344 4151 406 4229 fieri
419 4153 523 4224 nequit.
546 4151 609 4208 Non
624 4147 695 4206 vidit
710 4151 783 4206 enirn
800 4151 975 4222 Gerlaehius,
991 4167 1076 4224 quum
1091 4150 1156 4205 Vol.
1172 4151 1222 4220 III,
1245 4168 1273 4224 p.
1289 4155 1335 4210 65.

252 4236 318 4293 dicit
337 4238 459 4296 uerbis
477 4251 580 4312 pacem
604 4235 797 4310 defenditis
818 4235 947 4292 homines
971 4235 1125 4310 significari
1142 4236 1235 4308 trispuc
1252 4250 1335 4306 quarn

251 4337 336 4380 mauu
348 4325 551 4402 promptiores,
573 4325 620 4396 qui
636 4323 793 4398 quui,·non
813 4338 900 4394 agere
920 4321 1078 4392 didicerim,
1100 4320 1166 4376 huic
1182 4318 1336 4376 sententiae

1082 4413 1131 4475 5*
