3096 4962
244 419 323 483 xxn
548 423 716 480 sellonis
738 421 911 480 epistota
933 420 1075 478 CRlTlCA
1168 490 1171 503 ,

249 627 317 672 rum
339 616 370 671 et
391 623 539 670 numerus
563 625 581 668 a
601 605 879 684 grammaticisest
899 605 1059 683 proditus,
1079 613 1111 670 et
1132 623 1246 670 sensus
1267 600 1379 686 plantis

250 720 282 774 et
307 710 510 790 perspicuus,
539 727 575 770 ac
601 709 716 771 deinde
742 711 803 771 hoc
829 716 976 786 tanquam
1007 708 1206 772 fundamento
1230 708 1321 774 nixus
1344 729 1381 771 aa

250 813 467 890 adiungerent,
503 830 635 888 quorum
664 810 828 890 explicatio
853 808 1005 889 probabili
1032 809 1212 873 coniectura
1232 812 1300 873 iniri
1327 832 1381 890 po-

250 922 321 977 test.
366 917 420 989 lta,
444 913 585 992 quamvis
605 915 737 993 plurima
758 932 798 975 ex
817 913 961 977 Historiis
980 913 1176 990 ignorantur,
1201 916 1262 977 hoc
1279 923 1380 976 tanmn

251 1036 291 1080 ex
317 1016 371 1093 iis,
404 1035 485 1094 quae
512 1025 696 1096 supersunt,
725 1016 885 1095 particulis
908 1015 984 1080 satis
1007 1026 1092 1078 certa
1114 1017 1164 1078 via
1186 1035 1235 1080 me
1257 1035 1382 1082 assecu-

250 1133 315 1186 tum
338 1131 431 1202 pute,
457 1131 492 1184 ut
510 1119 599 1182 simili
620 1123 686 1182 lere
709 1121 843 1196 ratione,
868 1119 987 1197 quade
1008 1116 1084 1180 Livii
1105 1117 1190 1184 libris
1213 1121 1382 1199 deperditis

251 1245 290 1289 ex
312 1245 419 1288 eorum
440 1223 576 1303 epitome
596 1223 686 1312 nobis
710 1231 848 1298 constat,
879 1224 918 1284 de
940 1221 1087 1284 universo
1110 1223 1315 1286 Historiarum
1338 1241 1383 1284 ar-

250 1337 397 1408 gumento
421 1325 550 1392 iudicari
565 1325 677 1403 possit.
723 1327 812 1404 Quod
830 1328 921 1403 quale
943 1324 992 1400 sit,
1010 1325 1119 1403 paucis
1141 1326 1217 1400 Tibi,
1237 1327 1383 1390 miWue·

250 1440 426 1508 stemanne,
450 1445 615 1508 exponam.
654 1422 658 1428 ’
1090 1490 1093 1494 .

334 1538 403 1598 Non
426 1539 554 1597 secutus
578 1537 661 1594 teste
683 1529 867 1606 Quintiliano
889 1531 947 1606 lll,
971 1530 1007 1606 8,
1030 1531 1216 1606 timorem,
1239 1551 1332 1614 quern
1354 1537 1384 1596 in

251 1637 379 1701 Catilina
407 1643 439 1698 et
464 1636 611 1712 Iugurtha
639 1632 753 1705 tenuit,
782 1638 858 1694 uta
885 1633 1082 1708 generalibus
1106 1634 1292 1711 quibusdam
1316 1654 1384 1699 sen·

249 1740 353 1805 tentiis
383 1757 464 1817 opus
483 1735 652 1810 ordiretur,
684 1733 848 1796 Sallustius
872 1751 975 1796 rerum
993 1737 1204 1799 Romanarum
1226 1738 1384 1814 historiae,

251 1861 344 1921 quam
365 1842 437 1906 inde
459 1859 479 1902 a
499 1838 617 1917 Lepido
641 1847 672 1902 et
692 1839 799 1900 Catulo
823 1854 907 1900 coss.
938 1856 973 1901 se
995 1836 1190 1916 incepturum
1211 1845 1384 1920 profitetur,

251 1948 327 2010 satis
356 1947 492 2024 amplum
518 1941 714 2020 prooemitnn
741 1942 917 2022 praemisit,
944 1959 1006 2019 quo
1033 1949 1099 2004 tum
1119 1943 1224 2021 priora
1243 1952 1386 2022 tempora

251 2048 387 2112 breviter
408 2044 601 2127 perstrinxit,
631 2054 697 2110 tum
720 2047 759 2110 de
781 2049 863 2109 bello
885 2041 993 2109 sociali
1019 2049 1051 2104 et
1069 2041 1174 2106 Sullae
1193 2045 1273 2110 civili
1295 2066 1385 2112 accu-

250 2151 347 2215 ratius
375 2151 446 2229 egit
503 2147 594 2225 Quod
622 2165 685 2225 quo
713 2148 843 2212 consilio
873 2145 996 2219 lecerit,
1030 2163 1093 2208 non
1128 2155 1177 2209 est
1207 2151 1385 2216 obscurum.

249 2256 326 2316 Nam
346 2271 441 2332 quum
460 2249 534 2312 inde
554 2250 705 2329 aLepido
721 2252 853 2330 primum
874 2255 995 2330 pateret
1018 2247 1175 2326 antiquam
1187 2251 1306 2332 imperii
1324 2257 1385 2319 vim

250 2375 383 2435 prorsus
410 2357 595 2418 labefactam
624 2370 710 2428 esse,
741 2373 843 2433 neque
868 2352 962 2417 rediri
985 2369 1083 2429 posse
1106 2354 1146 2414 ad
1169 2372 1239 2418 eum
1261 2363 1384 2435 statum,

253 2477 316 2536 quo
339 2475 449 2520 omnes
474 2455 663 2534 reipublicae
697 2463 802 2533 partes
831 2456 959 2536 firmiter
985 2456 1206 2539 cohaererent,
1239 2460 1306 2523 eius
1341 2462 1386 2524 rei

253 2577 383 2621 caussas
403 2558 462 2621 sibi
485 2557 691 2634 exponendas
713 2557 841 2634 putavit,
863 2565 898 2619 ut
918 2555 1141 2633 intelligeretur
1158 2575 1204 2635 ea,
1229 2579 1309 2638 quae
1330 2582 1386 2644 per

251 2661 303 2722 illa
323 2667 467 2738 tempora
489 2659 684 2734 aeciderunt,
713 2659 871 2736 prioribus
897 2658 957 2720 illis
979 2657 1067 2720 iactis
1091 2659 1205 2722 ell'eota
1225 2679 1307 2728 esse.
1351 2669 1384 2728 ln

252 2781 314 2840 quo
342 2781 437 2840 quum
461 2759 688 2839 Thucydidem.
705 2758 840 2824 imitatus
867 2759 923 2836 sit,
952 2759 1004 2838 qui
1021 2760 1137 2838 pariter
1159 2767 1325 2832 narrationi
1346 2771 1386 2832 de

252 2866 334 2926 bello
360 2863 628 2941 Peloponnesiaco
657 2861 854 2941 superiorum
881 2873 1073 2942 temporum,
1107 2867 1191 2928 unde
1215 2867 1290 2932 illud
1314 2891 1385 2950 pro·

251 2964 353 3040 venit,
379 2965 618 3043 explicationem
641 2966 873 3045 praemisisset,
907 2969 989 3032 haud
1015 2969 1227 3048 improbabilis
1251 2983 1299 3036 est
1327 2976 1385 3036 Gn-

252 3067 332 3132 stavi
354 3067 479 3132 Linberi
503 3068 671 3147 sententia,
704 3070 734 3133 in
763 3071 859 3135 docto
881 3074 1035 3149 opusculo
1066 3073 1105 3134 de
1127 3073 1264 3137 Sallustii
1284 3077 1386 3139 Histo-

251 3172 366 3236 riarum
386 3172 551 3238 Prooemio
579 3191 611 3250 p.
635 3174 684 3235 10.
711 3172 889 3250 proposita,
919 3175 960 3236 ob
983 3175 1062 3236 hanc
1090 3175 1223 3238 maxime
1250 3176 1386 3240 similitu-

252 3275 355 3338 dinem
381 3276 571 3352 Thucydidis
598 3277 754 3340 aemulum
778 3291 849 3337 eum
876 3273 973 3340 luisse
993 3275 1124 3352 dictum;
1157 3280 1195 3340 cl.
1217 3280 1327 3342 Vellei.
1350 3284 1385 3358 ll,

252 3377 303 3449 36,
325 3376 357 3438 2.
381 3375 502 3453 Quintil.
525 3379 563 3452 X,
589 3378 616 3454 l,
642 3378 711 3440 101.
731 3377 770 3451 X,
787 3375 816 3450 2,
844 3377 891 3438 17.
938 3380 1027 3440 Certe
1045 3396 1083 3442 ea
1103 3382 1187 3456 lam,
1207 3400 1299 3458 quam
1323 3401 1385 3446 non

253 3479 292 3539 ad
315 3477 510 3555 prooemium
531 3483 635 3544 solum
656 3479 812 3560 pertinere
831 3487 1075 3546 consentaneum
1099 3492 1162 3560 est,
1190 3482 1219 3545 ei
1241 3483 1384 3549 Historiis

253 3579 367 3657 magis,
391 3597 485 3657 quam
508 3581 687 3647 Catibnaet
707 3583 856 3659 Iugurtha
875 3591 965 3662 parta
986 3591 1043 3646 est.

339 3683 494 3746 Absoluta
516 3685 697 3764 prooemio,
720 3685 773 3748 ubi
795 3686 835 3746 ad
853 3686 1050 3765 propositum
1066 3686 1200 3761 accedit,
1223 3693 1323 3750 totum
1340 3707 1385 3750 ar-

252 3793 433 3863 gumentum
452 3788 492 3848 ab
515 3805 553 3850 eo
574 3795 738 3852 tractatum
766 3789 888 3852 duabus
914 3791 1054 3866 partibus
1078 3787 1269 3864 continetur,
1291 3793 1385 3854 rebus

254 3889 376 3952 militiae
399 3895 432 3952 et
453 3889 537 3953 domi
559 3890 671 3966 gestis,
694 3909 772 3968 quas
795 3890 838 3952 ita
857 3892 1074 3970 persequitur,
1096 3898 1131 3952 ut
1152 3890 1280 3968 singulis
1300 3893 1384 3957 libris
1446 3961 1449 3966 ,

253 3990 403 4068 deinceps
421 3998 560 4068 enarret,
580 3993 654 4070 quid
675 3993 756 4056 etin
779 3994 856 4056 urbe
879 4003 910 4057 ct
931 3995 962 4058 in
986 3994 1078 4057 variis
1096 3993 1188 4058 terris
1210 3999 1314 4057 actum
1335 3995 1384 4056 sit.

252 4093 347 4170 Igitur
366 4093 466 4172 primo
489 4091 583 4170 libre,
605 4103 773 4174 postquam
795 4096 835 4156 de
851 4096 959 4174 Lepidi
985 4104 1099 4160 conatu
1122 4097 1226 4161 Sullae
1246 4096 1385 4160 instituta

252 4195 412 4258 evertendi
433 4195 554 4274 prolixe
572 4195 658 4273 dixit,
682 4200 721 4262 de
737 4199 819 4262 bello
835 4198 899 4274 agit
915 4198 946 4260 in
962 4200 1111 4278 Hispania
1131 4200 1192 4262 iam
1215 4216 1273 4276 per
1296 4205 1382 4275 quat·

250 4305 323 4360 tuor
349 4315 449 4362 annos
478 4298 616 4362 Sertorio
642 4301 723 4362 duce
746 4305 854 4376 gesto,
883 4301 1076 4378 Sertoriique
1099 4301 1199 4376 ipsius
1223 4300 1381 4376 ingenium

251 4406 283 4465 et
312 4416 416 4466 mores
444 4402 607 4466 adumbrat
636 4419 673 4464 ao
702 4402 794 4466 simul
822 4401 935 4481 prioris
967 4401 1049 4465 vitae
1076 4402 1143 4466 eius
1171 4403 1253 4466 lacta
1272 4401 1384 4482 palent,
