3062 4958
433 383 682 467 HIsTORlARUM
703 383 938 442 FRAGMENTA.
975 384 1041 440 LIB.
1064 384 1112 439 lV.
1246 371 1309 440 313

226 597 346 668 agere3
367 571 457 657 dein,
482 573 571 666 quod
592 569 772 666 quaesitur,
793 571 918 667 satisne
942 543 1051 662 pium,
1080 573 1204 656 tutum,
1228 571 1309 664 glo-

197 700 370 785 ariosum,
411 721 453 768 an
485 696 676 768 indecorum
709 696 761 766 sit.
830 696 901 766 Tibi
919 685 1094 788 'perpetua
1129 719 1210 788 pace
1246 696 1309 768 irai

227 825 355 908 liceret,
389 822 452 894 nisi
482 822 596 894 hostes
626 821 803 914 opportuni
845 826 878 892 et
913 823 1167 912 scelestissumi3
1206 845 1310 916 egre-

228 949 288 1042 gia·
310 939 412 1034 iama,
448 948 476 1018 si
502 947 672 1020 Romanos
700 947 925 1040 oppresseris
953 951 1065 1020 sutura
1088 949 1149 1018 est.
1196 948 1310 1041 Neque

228 1158 298 1213 siler
313 1159 406 1228 exstat
420 1155 448 1210 in
462 1156 528 1210 Vat.
547 1121 589 1224 i.,
607 1173 663 1211 non
677 1158 792 1212 multum
810 1155 988 1228 discrepante
1004 1155 1069 1212 Vel.
1084 1161 1126 1222 2,
1149 1157 1176 1210 in
1196 1172 1250 1226 quo
1268 1162 1311 1211 est

228 1231 388 1322 marmium.
412 1239 450 1295 ile
465 1239 549 1296 huius
567 1243 645 1298 verbi
659 1243 748 1315 torma
760 1247 786 1295 et
802 1240 1007 1312 significatione
1024 1239 1060 1295 ci.
1077 1237 1114 1294 ad
1125 1240 1170 1294 Fr.
1186 1241 1206 1307 Ι,
1225 1247 1268 1300 55.
1284 1248 1312 1296 et

228 1328 255 1392 l,
270 1331 328 1409 tto.
345 1327 439 1398 Vulgo
457 1325 562 1382 editum
577 1329 732 1399 praeteritur.
905 1325 908 1331 ’

315 1500 340 1562 s.
355 1501 384 1553 2.
408 1494 468 1551 Tar·
486 1499 626 1567 perpetua
642 1509 718 1567 pace
736 1493 799 1566 frui
821 1495 916 1549 liceret
934 1493 1002 1562 etc.)
1016 1491 1226 1550 Revocavimus
1241 1497 1311 1551 anti·
1332 1495 1336 1500 ’

229 1598 313 1653 quam
328 1581 413 1636 huius
434 1580 489 1636 loci
511 1580 693 1651 scripturam,
705 1579 801 1654 'qualis
825 1584 888 1636 ante
907 1577 1068 1635 Carrionem
1091 1579 1155 1656 iuit;
1171 1580 1220 1634 vix
1238 1581 1312 1636 enim

230 1668 300 1722 alias
323 1665 539 1724 editoresnexu
557 1667 757 1722 sententiarum
778 1681 810 1720 ac
834 1665 1006 1736 singularum
1027 1665 1252 1720 enunciationem
1270 1681 1313 1720 ra·

229 1752 303 1808 tione
320 1768 376 1806 non
392 1756 541 1822 perspecta
564 1752 687 1807 auctoris
709 1751 797 1805 verba
811 1750 903 1822 magis
927 1756 1119 1822 corruperunt.
1147 1750 1311 1823 Agencrali

229 1838 366 1892 sententia
381 1836 527 1892 bimembri
542 1837 691 1908 epistotam
709 1851 829 1894 exorsus
844 1835 1020 1892 Mithridates
1042 1836 1171 1908 proxima
1195 1835 1312 1908 periodo

229 1923 345 1978 Arsacis
361 1920 558 1976 condicionem
575 1922 611 1977 ad
627 1922 704 1978 illam
719 1921 870 1976 examinat.
886 1921 971 1992 Igitur
987 1921 1023 1976 ad
1036 1924 1122 1978 verba
1136 1923 1315 1978 considerare

142 2020 149 2026 ·
228 2007 325 2063 debent
338 2009 452 2062 liceatne
466 2011 634 2077 lampacem
649 2010 733 2079 apere
749 2006 907 2062 referuntur
922 2005 1010 2073 haec,
1029 2007 1077 2062 tihi
1091 2013 1229 2078 perpetua
1240 2020 1315 2078 pace

225 2093 409 2165 fructicem,
425 2091 662 2164 nmmsesopp.
683 2097 709 2146 el
726 2092 811 2164 scel,
834 2107 905 2162 quae
927 2091 965 2146 ita
987 2091 1061 2146 dieta
1078 2097 1155 2160 sunt,
1172 2096 1201 2146 ut
1215 2095 1315 2162 probe-

228 2184 271 2233 tur
287 2177 389 2232 Arsaci
403 2193 472 2232 non
488 2177 602 2232 licere
618 2191 720 2250 pacem
741 2175 839 2249 apere,
862 2175 913 2232 sed
932 2175 1029 2232 hedam
1052 2179 1078 2231 ei
1098 2177 1315 2248 exspectandam

226 2277 296 2318 esse.
326 2262 377 2320 Ad
387 2263 508 2318 alteram
530 2261 765 2318 considerationis
794 2265 902 2332 partem
923 2261 1011 2332 (qaod
1035 2263 1192 2334 praeclar,
1214 2263 1317 2316 satisne

222 2350 316 2420 pium,
332 2351 431 2417 latam,
451 2347 618 2420 planorum,
642 2363 680 2403 an
694 2347 854 2402 indecomrm
874 2347 938 2416 sit,)
958 2353 1085 2417 spectant
1107 2347 1227 2417 relicua,
1243 2346 1316 2415 (tihi)

228 2433 339 2506 eprepia
352 2431 440 2504 sama,
456 2434 482 2487 si
491 2431 634 2489 Romanos
648 2433 831 2505 oppresseris,
845 2431 945 2504 sutura
957 2437 1011 2501 est,
1027 2433 1128 2503 quibus
1143 2432 1247 2504 pariter
1263 2445 1314 2488 err-

227 2519 345 2574 hortatio
359 2519 398 2576 ad
409 2518 506 2574 bellum
521 2519 688 2575 continetur.
704 2508 753 2573 His
769 2517 864 2574 verbis
880 2518 1012 2588 quoniam
1029 2518 1243 2590 argumentatio,
1260 2533 1315 2588 qua

228 2603 404 2660 Mithridates
421 2604 535 2671 Arsaci,
554 2605 578 2660 si
595 2605 618 2659 is
635 2605 764 2677 proprias
781 2602 866 2658 modo
882 2619 928 2658 res
943 2603 1092 2674 respiciat,
1109 2604 1175 2658 belli
1192 2604 1316 2660 necessi·

228 2695 312 2746 tatem
324 2695 407 2761 atque
420 2689 564 2744 utilitatem
579 2693 699 2763 probare
716 2687 821 2755 studet,
836 2689 920 2759 plane
934 2689 1099 2756 absolvitur,
1115 2689 1237 2744 maxima
1252 2695 1316 2761 post

227 2775 326 2847 sutura
341 2780 381 2828 est
398 2775 584 2844 interpunctio
595 2763 744 2846 ponenda.
762 2773 791 2826 ln
806 2774 943 2843 proximis
959 2773 1135 2830 Mithridates
1153 2776 1187 2830 ab
1206 2775 1315 2830 Arsace

229 2858 267 2914 ad
286 2877 317 2914 se
333 2859 427 2928 ipsum
443 2858 480 2912 ita
496 2859 603 2927 transit,
619 2865 648 2914 ut
661 2874 718 2912 non
728 2858 852 2925 reticeat,
869 2873 900 2912 se
916 2861 951 2914 ob
967 2859 1069 2921 tractas
1087 2875 1156 2930 opes
1169 2859 1316 2932 indignum

229 2943 320 2998 videri
337 2943 479 3011 societate,
497 2942 549 2999 sed
565 2944 628 3014 ipsa
643 2943 724 2998 clade
737 2958 789 2997 sua
800 2939 952 3012 Tigranem
964 2942 1001 2996 ad
1017 2959 1098 3014 opem
1117 2943 1262 3000 terendam
1277 2944 1317 2998 in-

230 3028 309 3084 citari
327 3027 429 3084 debere
442 3025 582 3082 ostendat.
618 3029 695 3082 Hanc
710 3026 905 3096 planissimam
923 3028 1121 3082 sententiarum
1136 3029 1272 3083 rationem
1289 3035 1318 3084 ut

229 3129 287 3169 non
302 3115 496 3186 perspicerent
512 3112 650 3181 editores,
673 3114 777 3167 lactum
793 3115 836 3165 est
852 3112 952 3182 partim
967 3113 1102 3168 brevitate
1118 3111 1240 3182 quadam
1255 3129 1318 3168 ora-

229 3199 327 3267 tionis,
346 3199 446 3270 partim
462 3198 618 3270 depravata
633 3199 771 3269 scriptura
788 3196 981 3252 nonnullorum
1007 3196 1138 3252 codicum
1164 3197 1192 3251 in
1212 3203 1317 3252 textum

229 3285 315 3341 illata.
333 3284 405 3340 Nam
421 3301 508 3356 quum
522 3289 586 3339 ante
603 3282 767 3340 Carrionem
780 3288 856 3338 recte
872 3281 1013 3355 legeretur
1025 3281 1073 3337 tibi
1078 3313 1120 3322 -·-
1127 3283 1228 3353 liceret
1241 3283 1317 3355 quod

228 3369 405 3426 hauddubie
421 3361 558 3424 excodd.
575 3368 668 3438 fluxit,
686 3370 710 3424 is
725 3367 828 3436 edidit,
845 3373 874 3423 ut
890 3369 918 3423 in
934 3368 998 3422 Vel.
1018 3374 1042 3424 i.
1062 3374 1089 3422 et
1102 3374 1129 3426 h.
1148 3373 1205 3436 est,
1222 3368 1268 3423 tihi
1287 3370 1319 3423 ai

228 3456 380 3524 -licet,
395 3455 536 3526 ceterique
554 3459 652 3510 omnes
677 3454 707 3510 id
727 3453 847 3525 amplexi
870 3460 950 3520 sunt,
974 3469 1142 3524 quamquam
1165 3469 1246 3508 neum
1270 3469 1317 3508 ex·

230 3539 355 3611 pedivit,
378 3539 519 3611 quomodo
545 3546 603 3596 tres
631 3539 843 3597 enunciationes
866 3538 1080 3594 condicionales
1100 3539 1225 3611 silicet,
1246 3529 1320 3594 nisi

228 3626 334 3696 hostes,
350 3626 381 3679 si
394 3627 568 3697 oppresseris
579 3626 606 3680 in
623 3641 709 3682 unam
728 3624 875 3695 periodum
891 3624 966 3681 coire
982 3625 1109 3694 possint,
1125 3630 1172 3680 aut
1188 3626 1318 3682 tolerabi-

230 3711 264 3766 lis
280 3715 373 3781 certe,
390 3710 493 3764 nedum
509 3711 658 3768 commoda
673 3711 811 3766 sententia
827 3727 862 3766 ex
878 3716 953 3766 tanta
965 3710 1131 3765 confusione
1148 3709 1211 3766 elici
1227 3716 1319 3781 queat,

228 3795 398 3869 praesertim
415 3811 498 3866 quum
522 3796 707 3852 vitiosissima
727 3796 949 3867 interpunctione
967 3797 1055 3852 verba
1075 3795 1151 3868 apud
1174 3795 1318 3862 Orellium,

228 3883 349 3939 Fabrum
366 3886 395 3934 et
409 3879 587 3952 Gerlachinm
599 3883 640 3936 sic
656 3884 800 3953 legantur:
817 3882 884 3950 „tihi
901 3883 924 3937 si
941 3885 1077 3952 perpetua
1087 3897 1158 3952 pace
1175 3879 1229 3935 irui
1245 3881 1319 3950 licet,

155 4017 158 4020 .
229 3968 285 4024 nisi
314 3967 411 4023 hostes
432 3966 581 4037 opportuni
603 3973 631 4021 et
659 3966 877 4034 scelestissumi,
907 3967 1023 4039 egregia
1051 3967 1140 4032 lama,
1162 3967 1186 4020 si
1217 3963 1319 4021 Roma-

229 4070 281 4108 nos
297 4052 490 4126 oppresseris,
508 4051 598 4106 lutura
618 4058 675 4120 est,
692 4067 784 4124 neque
795 4058 892 4122 petere
906 4081 947 4090 -
966 4052 1108 4121 sperem.“
1137 4050 1239 4108 Hostes
1261 4067 1321 4121 op-

224 4140 376 4210 portuni
392 4137 438 4192 hic
456 4151 511 4192 non
528 4142 592 4191 sunt
606 4139 635 4192 in
652 4152 720 4209 quos
741 4136 826 4209 facile
847 4139 963 4209 imperas
980 4137 1047 4206 fieri
1060 4141 1169 4208 potest,
1183 4135 1323 4208 quemad·

229 4220 439 4280 modrrmFaber
457 4223 662 4293 interpretatur,
671 4223 821 4295 vulgarem
836 4239 917 4278 usum
935 4226 1067 4290 secutus;
1085 4221 1137 4277 sed
1146 4238 1221 4279 novo
1231 4219 1317 4277 modo

230 4311 367 4364 ettamen
388 4308 568 4382 proprietatis
591 4307 826 4364 retinentissimus
849 4307 999 4365 Sallustius
1024 4306 1195 4379 significavit
1208 4306 1317 4378 hostes
