3062 4958
420 452 426 463 .
451 408 701 468 HISTORIARUM
720 407 944 466 FRAGMENTA
968 409 1036 466 LIB.
1051 409 1100 465 IV.
1264 399 1327 466 333

350 603 402 668 30.
447 597 632 688 implicatae
659 599 746 666 rates
774 594 953 666 ministeria
982 591 1207 686 prohibebant.

349 729 400 794 31.
449 721 484 793 C.
504 722 631 812 Verres
654 721 764 792 littora
784 720 875 792 Italia
892 719 1078 814 propinqua
1097 719 1249 791 firmavit.

248 931 324 1004 quod
349 931 507 1002 suspicatur
529 931 650 984 tortasse
672 935 781 984 sextum
799 929 898 985 librum
921 945 955 985 ea
969 936 1036 985 nota
1051 927 1215 1002 algnidcari‚
1231 935 1328 1003 aperte

248 1010 348 1072 'laisum
369 1022 421 1071 est.
456 1015 527 1071 Nam
551 1031 636 1087 quum
656 1015 768 1069 omnino
790 1020 887 1071 sextus
908 1015 977 1069 liber
998 1015 1185 1080 Historiarum
1203 1031 1258 1070 non
1282 1017 1327 1084 sit,

248 1109 304 1158 turn
316 1102 415 1158 Verris
429 1101 533 1176 mentio
546 1116 602 1155 non
617 1100 705 1171 potuit
720 1101 775 1155 alio
791 1117 873 1171 quam
886 1106 986 1171 quarta
1001 1101 1071 1156 libro
1093 1100 1169 1169 fieri,
1189 1099 1328 1171 siquidem

246 1203 365 1255 caussa,
382 1203 432 1242 cur
453 1188 498 1242 ille
521 1185 635 1242 Siciliae
656 1186 748 1240 littora
770 1185 865 1241 ltaliae
884 1186 1013 1256 proxima
1033 1185 1178 1257 praesidio
1195 1185 1328 1254 firmaret,

246 1274 328 1328 unice
344 1271 472 1344 Spartaci
495 1271 613 1327 consilio
629 1270 658 1324 in
674 1270 799 1326 Siciliam
820 1268 983 1326 transeundi
1005 1273 1169 1326 continetur.
1201 1270 1327 1328 Eandem

246 1373 305 1413 rem
324 1359 412 1430 tangit
430 1359 513 1414 etiarn
529 1355 626 1412 Cicero
644 1355 671 1411 in
682 1356 764 1412 Verr.
782 1357 822 1425 V,
837 1361 870 1424 2,
888 1361 929 1426 5.,
948 1355 1000 1410 sed
1017 1356 1070 1426 ita,
1091 1363 1120 1412 ut
1136 1355 1270 1413 Sallustio
1285 1373 1328 1411 re-

246 1459 374 1516 pugnare
390 1441 528 1499 videatur.
558 1442 654 1497 Verba
669 1441 731 1496 eius
746 1442 818 1496 haec
834 1447 914 1496 sunt:
938 1440 1066 1496 Obstitidi
1082 1443 1214 1511 videlicet,
1238 1457 1274 1496 ne
1290 1458 1329 1497 ea

247 1527 329 1584 Italia
345 1530 468 1584 transire
485 1529 514 1582 in
526 1525 648 1583 Siciliam
660 1526 838 1599 scotticorum
853 1529 949 1598 copiae
960 1531 1082 1598 possent.
1111 1527 1182 1582 ilbi?
1198 1527 1330 1598 mando?

246 1631 301 1687 qua
315 1629 353 1670 aa
368 1617 473 1686 parte?
495 1629 578 1686 qaum
597 1617 647 1670 aui
664 1613 768 1668 ratibus
785 1618 834 1668 aui
851 1611 966 1668 naoibtts
986 1613 1156 1668 conarentur
1176 1613 1329 1668 accedere?

249 1699 306 1755 Nos
326 1702 398 1756 enim
413 1697 483 1754 niiil
500 1715 622 1771 unquam
637 1713 761 1771 prorsus
781 1698 950 1761 audicimus;
971 1703 997 1752 ct
1015 1698 1085 1752 illud
1102 1693 1269 1769 audivimas,
1286 1697 1327 1752 M.

248 1785 356 1856 Crassi,
370 1785 516 1858 fortissimi
527 1786 592 1856 oiri,
614 1785 713 1840 uirtute
728 1784 892 1856 consilioque
904 1783 1026 1856 factam,
1043 1798 1078 1840 nc
1092 1785 1197 1841 ratibus
1213 1786 1327 1839 conuin-

247 1873 296 1926 ctis
316 1869 391 1943 freto
411 1870 518 1944 supitiui
537 1870 577 1924 ad
594 1868 754 1924 Messanam
775 1871 897 1925 transire
910 1875 1039 1940 porsena·
1058 1887 1076 1924 a
1098 1887 1150 1942 qao
1171 1871 1211 1925 itii
1230 1876 1329 1926 conatu

247 1972 302 2012 nau
318 1960 460 2028 tantopere
468 1955 637 2027 prohibendi
653 1946 786 2027 fuissent,
808 1958 834 2009 si
848 1956 905 2010 ulta
922 1955 1068 2026 praesidia
1083 1958 1112 2010 in
1129 1953 1223 2013 Sicilia
1241 1955 1281 2010 ad
1294 1956 1328 2010 it·
1392 1949 1393 1952 ’

247 2042 335 2097 lorum
353 2042 497 2098 adrentum
510 2043 635 2114 opposita
642 2047 821 2112 prdarentar.
855 2039 961 2108 Quibus
978 2057 1042 2096 curn
1057 2039 1229 2098 Sallustiana
1242 2040 1329 2112 Frag—

247 2134 340 2183 menta
360 2126 531 2199 comparatIs
548 2127 630 2183 lacile
652 2126 830 2197 intelligitur,
850 2123 1013 2182 Ciceronem
1033 2128 1155 2182 oratorie
1172 2129 1219 2184 vel
1234 2127 1328 2198 potius

247 2213 426 2268 accusatorie
444 2227 504 2266 rem
522 2227 642 2284 augere,
665 2213 712 2282 qui
730 2211 865 2282 captiosis
885 2212 1048 2266 ratiunculis
1069 2212 1219 2268 ostendere
1241 2227 1327 2266 cone-

247 2305 290 2352 tur
306 2297 375 2353 nihil
394 2299 478 2369 plane
498 2313 514 2352 a
535 2298 623 2353 Verre
640 2301 732 2352 actum
753 2311 818 2352 esse
842 2294 878 2351 ad
896 2297 1030 2368 fugitivos
1056 2295 1152 2353 Sicilia
1176 2296 1325 2353 arcendos.
1383 2305 1390 2309 “

248 2381 381 2440 Sallustio
397 2389 471 2438 certe
487 2383 576 2438 maior
597 2381 685 2450 fides,
707 2397 874 2453 quamquam
897 2383 979 2438 laoile
1002 2383 1119 2438 concedi
1143 2389 1249 2456 potest,
1272 2399 1328 2438 non

246 2473 350 2525 tantam
367 2469 458 2525 luisse·
471 2469 569 2524 Verris
585 2484 680 2524 curam
695 2469 724 2522 in
744 2465 841 2524 Sicilia
856 2467 986 2540 tutanda,
1009 2474 1138 2540 quantam
1154 2470 1216 2541 ipse
1230 2467 1327 2525 haberi

247 2555 345 2622 vellet,
363 2571 396 2610 ac
411 2553 518 2610 Romae
535 2555 654 2610 tortasse
670 2555 753 2626 plane
773 2555 944 2626 ignoratam,
962 2557 1028 2627 quia
1043 2555 1118 2611 irrito
1134 2555 1262 2628 Spartaci
1281 2571 1328 2610 oo·

248 2652 315 2696 natu
330 2642 423 2696 nullus
439 2641 500 2695 eius
519 2658 587 2696 usus
609 2639 670 2697 luit.
699 2639 780 2708 Quod
803 2639 969 2696 Gerlachius
993 2657 1009 2696 e
1031 2642 1194 2698 coniectura
1215 2643 1327 2713 scripsit

241 2725 393 2782 Italiam
413 2727 590 2798 propinqua,
611 2726 771 2781 inconsulto
799 2727 917 2794 lactum}
943 2727 1077 2782 Arusiani
1095 2730 1169 2782 eninr
1195 2728 1326 2782 lemmate

247 2813 448 2882 (propinquum
465 2812 513 2864 illa
527 2813 572 2879 re)
585 2811 723 2866 ablativus
737 2827 855 2882 prorsus
871 2816 963 2866 certus
980 2817 1038 2882 est,
1054 2829 1146 2885 neque
1163 2812 1326 2869 insolentior

249 2897 318 2950 sexli
337 2911 421 2951 casus
441 2900 579 2950 strumum
599 2896 707 2949 ratione
726 2895 893 2951 destituitur.
921 2895 1138 2970 Propinqudalis
1154 2899 1228 2953 enim
1250 2901 1327 2954 notio

248 2995 304 3034 non
320 2982 409 3036 solurn
425 2981 504 3050 loco,
522 2980 654 3051 adquam
668 2981 821 3051 acceditur,
842 2978 893 3035 sed
916 2982 999 3036 etiam
1013 2983 1087 3038 unde
1103 2984 1246 3040 aduenitur
1262 3001 1328 3039 con-

249 3066 323 3121 stitui
341 3057 447 3138 potest,
464 3081 518 3137 quo
534 3065 577 3132 fil,
596 3070 625 3120 ut
638 3067 774 3138 propior,
785 3067 949 3137 prosimus,
959 3069 1092 3140 propius,
1107 3073 1240 3141 proxime
1250 3069 1328 3125 haud

247 3167 312 3206 raro
335 3169 398 3207 cum
421 3152 545 3207 ablativo
565 3157 592 3205 et
613 3151 648 3205 alr
667 3151 877 3223 praepositione
904 3157 1115 3222 construantur,
1145 3171 1173 3210 v.
1195 3153 1328 3210 Freundii

248 3237 315 3291 Lex.
332 3238 379 3293 lat.
394 3238 423 3292 h.
441 3244 467 3295 ν’.
483 3235 645 3294 Secundum
662 3233 735 3293 hano
751 3237 926 3308 analogiam,
941 3242 970 3292 ut
987 3239 1060 3292 bene
1076 3238 1146 3294 vidit
1166 3238 1326 3296 Dietschius

248 3322 286 3377 ad
303 3323 361 3395 Ing.
373 3340 403 3388 c.
420 3327 462 3392 18,
477 3329 520 3382 ll.
539 3339 567 3394 p.
581 3327 653 3389 166,
658 3324 807 3394 proximas
817 3323 922 3394 pariter
933 3319 1017 3395 atque'
1025 3327 1203 3398 propinquus
1216 3325 1326 3381 urbium

248 3413 439 3482 terrarumque
464 3410 578 3464 nomIna
601 3407 662 3463 solo
688 3409 810 3466 ablativo
839 3409 980 3464 asciscere
1006 3417 1140 3482 possunt,
1171 3414 1274 3485 quippe
1299 3412 1327 3466 in

248 3493 349 3565 quibus
370 3494 424 3550 hoc
446 3510 515 3550 casu
533 3494 651 3549 remotio
674 3495 824 3566 abaliquo
848 3495 910 3549 loeo
932 3495 1119 3568 signiticetur‚
1145 3498 1221 3570 quod
1242 3514 1326 3553 secus

247 3569 291 3634 est'
306 3577 334 3633 iri
351 3579 413 3636 aliis
428 3581 584 3640 vocabuIIs.
617 3579 719 3634 Nostro
737 3581 822 3653 igitur
841 3581 903 3635 loco
921 3582 1011 3636 littora
1032 3581 1121 3638 Itali
1127 3581 1145 3638 d
1163 3585 1327 3657 propinqua

248 3665 328 3736 quasi
345 3672 387 3721 est
401 3666 492 3722 littora
507 3683 525 3720 a
536 3671 646 3738 parte
667 3664 688 3721 I
691 3667 803 3720 taliae
816 3669 993 3739 propinqua,
1013 3669 1075 3726 sive
1091 3683 1133 3723 aa
1149 3667 1260 3724 Italia
1274 3685 1325 3726 oe-

246 3750 425 3806 nieutibus
432 3753 606 3824 propinqua.
622 3750 658 3806 el.
674 3751 735 3823 Ing.
755 3767 779 3806 c.
796 3750 899 3821 XVIII,
916 3758 957 3810 ll.
975 3753 1110 3809 Numidae
1127 3755 1278 3826 possedere
1293 3772 1327 3811 ea

247 3836 321 3907 loca,
337 3850 408 3907 quae
417 3851 598 3908 proxuma
615 3835 834 3908 Carthapine
849 3836 978 3893 Numidia
993 3840 1159 3912 appellatur.
1173 3841 1326 3911 iac-mx,

246 3915 274 3980 A.
294 3919 470 3977 Procumi
486 3921 667 3994 Hispania
685 3919 784 3977 Mauri
796 3929 867 3980 sunt.
895 3923 934 3979 Ita
951 3924 1025 3980 enim
1038 3925 1197 3981 Arusianus
1214 3944 1244 4000 p.
1262 3931 1325 3986 252.

247 4023 264 4062 a
287 4005 420 4063 Sallustio
442 4007 577 4078 scripturn
600 4015 665 4063 esse
690 4006 788 4080 tradit,
808 4009 855 4064 ubi
876 4008 961 4066 codd.
984 4027 1057 4066 nunc
1077 4017 1172 4067 tenent
1182 4029 1326 4086 proxume

247 4090 454 4165 Carthapinem,
464 4094 598 4164 proxime
611 4093 786 4166 Hispaniam.

333 4177 411 4246 Quae
434 4184 587 4251 sequuntur
603 4177 777 4251 'Fragmenta
796 4184 920 4240 32——39
941 4183 1034 4238 emula
1058 4184 1198 4255 pertinent
1221 4184 1258 4240 ad
1278 4185 1326 4241 de-

249 4263 426 4334 scriptionem
447 4264 541 4320 ltaliae
569 4264 709 4320 interioris
737 4281 769 4320 ac
797 4267 858 4321 Ireti
883 4265 984 4339 Siculi,
1008 4284 1091 4341 quam
1114 4269 1262 4328 Sallustius
1289 4291 1324 4329 eo

248 4363 340 4404 rerum
362 4355 505 4425 gestarum
524 4352 677 4408 narrationi
699 4350 878 4426 interposuit,
899 4357 975 4427 quod
996 4357 1105 4414 illorum
1130 4360 1255 4416 locorum
1276 4377 1325 4416 na·
