3098 4970
464 365 712 424 HlSTORlARUM
733 365 967 424 FRAGMENTA.
1011 366 1077 421 LlB.
1101 367 1133 422 ΙΙ.
1285 361 1347 426 149

738 632 807 686 Gar.
827 635 861 686 V.

327 737 379 786 Res
397 737 519 787 urbanae,
538 760 573 770 ·-
591 731 770 786 Contentioncs
789 737 821 788 dc
839 736 997 786 restituenda
1013 743 1138 800 potestate
1154 727 1299 788 tribunicia.
1312 763 1347 773 -

259 830 382 878 Aunouae
405 828 511 890 caritas,
540 840 620 887 eaque
646 833 717 875 ortus
740 827 824 894 plebis
848 826 980 879 tumultus.
1008 852 1043 864 -
1067 825 1094 878 0.
1122 827 1209 876 Cottae
1234 827 1346 876 consulis

258 919 346 970 oretlo.
367 945 401 958 --
419 916 513 968 Terrae
530 924 621 967 motus.
869 901 870 906 ¹

747 1077 868 1093 ..μ-...-

360 1199 412 1266 44.
453 1191 497 1261 Ut
516 1175 651 1260 'actione
673 1189 856 1270 desisteret.

361 1319 412 1385 45.
455 1315 540 1400 Quia
564 1337 703 1406 corpore
728 1320 760 1386 et
787 1317 902 1424 lingua
926 1314 1085 1406 percitum
1112 1319 1144 1384 et
1169 1316 1344 1412 inquietent

257 1439 390 1510 nomine
410 1439 578 1510 histrionis
601 1440 660 1510 vix
684 1440 756 1510 sani
785 1439 996 1511 Burbuleium
1017 1439 1213 1532 appellabat.

261 1643 342 1700 terris
359 1644 438 1700 bellis
456 1652 602 1718 occupato.
616 1675 659 1686 --
684 1647 737 1702 Pro
749 1648 873 1718 primam
885 1645 993 1702 Cottius
1007 1652 1104 1702 contra
1118 1645 1249 1702 codicum
1260 1647 1347 1704 fidem

258 1727 347 1784 habet·
355 1731 494 1802 primum,
517 1749 572 1803 quo
590 1748 692 1788 sensus
708 1747 826 1803 prorsus
841 1733 1027 1804 pervertitur;
1045 1747 1109 1786 nam
1123 1734 1187 1803 pri
1193 1749 1245 1786 ma
1259 1731 1347 1806 Iapy-

259 1813 356 1868 diade
376 1815 446 1886 ipsis
465 1815 566 1872 linibus
583 1823 610 1871 et
630 1820 710 1888 quasi
732 1817 844 1872 introitu
866 1817 1004 1890 Iapydiae
1022 1815 1204 1888 intelligenda
1223 1824 1279 1886 est,
1301 1820 1347 1874 cui

167 1947 170 1954 .
261 1899 414 1954 sententiae
430 1903 513 1957 etiam
528 1901 607 1957 modo
621 1902 760 1973 particula
778 1903 919 1957 convenit.
954 1902 1120 1957 Nonminus
1136 1902 1208 1958 lalso
1226 1901 1346 1960 Debros-

259 1984 318 2039 sius
336 1985 375 2054 ll,
390 1987 432 2042 71.
447 1985 531 2042 habet
541 1989 647 2058 prima.
664 2017 704 2026 »-
732 1985 861 2042 Ceterum
876 1987 997 2059 Iapydio
1013 1987 1194 2059 scripsimus,
1210 1993 1240 2042 ut
1255 1989 1347 2060 poscit

259 2075 392 2124 assistens
405 2071 572 2142 scriptorum
584 2089 662 2138 usus,
680 2073 716 2125 cl.
728 2072 872 2142 Forbiger.
886 2073 987 2144 Geogr.
1001 2073 1086 2142 antiq.
1097 2073 1163 2134 Vol,
1178 2071 1223 2126 ΙΙΙ.
1236 2090 1264 2143 p.
1276 2077 1344 2143 8363

259 2152 376 2210 Servius
394 2161 420 2209 et
439 2153 505 2211 Sall.
521 2155 589 2211 edd.
604 2162 698 2210 tenent
714 2155 835 2226 lepidio.
1311 2150 1315 2168 ¹

343 2239 388 2292 Fr.
409 2243 452 2296 48.
481 2237 585 2314 [Deest
606 2239 684 2310 apud
707 2239 837 2295 Cort.--
871 2241 946 2296 Gerl.
969 2240 1015 2295 ed.
1036 2240 1103 2295 mai.
1126 2240 1186 2294 lnc.
1207 2244 1268 2300 186.
1299 2242 1345 2297 ed.

257 2324 325 2378 min.
345 2323 404 2378 Ine.
421 2329 464 2382 58.
487 2341 515 2395 p.
532 2323 598 2393 289,
624 2332 650 2382 1.
679 2325 762 2380 Debr.
785 2323 919 2398 Π,155.]
953 2326 1060 2380 Probus
1080 2320 1346 2396 p.'1462.,Putseh.

258 2407 363 2480 (Corp.
381 2407 543 2465 Grammatt.
565 2411 634 2464 Latt.
657 2411 722 2464 Vol.
736 2410 757 2464 l.
782 2415 886 2481 ρ.12ο.
905 2409 1053 2478 liudem.)
1073 2409 1128 2465 hcc
1150 2410 1226 2465 urbis
1243 2427 1347 2466 nornen

259 2494 319 2550 sine
337 2492 409 2550 libri
420 2495 564 2550 notatione
581 2493 677 2563 allert,
700 2495 768 2550 satis
791 2497 858 2550 mire
881 2499 1038 2552 observans
1054 2494 1150 2551 Stobos
1165 2495 1241 2567 apud
1256 2495 1347 2552 Sallu-

258 2580 341 2634 stium
354 2580 410 2652 legi
427 2597 542 2634 numero
560 2595 672 2658 semper
686 2581 797 2651 plurali.
831 2581 901 2637 Eam
917 2583 1015 2636 urbem
1030 2580 1216 2636 Macedoniae
1232 2582 1346 2639 notissi-

257 2680 332 2720 mam
345 2665 376 2719 in
394 2663 523 2721 Curionis
540 2665 718 2736 expeditione
732 2672 916 2721 memoratam
932 2667 1020 2722 luisse
1036 2667 1065 2720 in
1082 2665 1177 2738 aprico
1197 2672 1248 2722 est.

342 2750 387 2808 Fr.
409 2753 453 2808 44.
487 2747 573 2824 [tou.
595 2768 623 2820 p.
647 2755 709 2809 958.
740 2750 814 2805 Geel.
833 2751 879 2806 ed.
901 2753 966 2806 mai.
983 2751 1014 2819 ll,
1033 2755 1076 2809 19.
1098 2751 1144 2806 ed.
1164 2752 1233 2806 min.
1252 2753 1285 2822 ll,
1301 2756 1345 2811 80.

143 2887 148 2895 ,
255 2839 361 2904 pitto,
378 2838 422 2892 14.
444 2835 527 2889 Debr.
544 2835 564 2902 Ι,
579 2836 637 2902 45]
673 2833 768 2890 Tenue
784 2835 998 2907 Fragmentum,
1025 2838 1059 2891 ab
1079 2835 1221 2892 Arusiano
1248 2853 1277 2892 v.
1298 2838 1346 2894 de-

256 2920 353 2972 sistere
367 2935 396 2988 p.
409 2920 473 2974 224.
489 2917 571 2988 Lind.
586 2923 745 2986 servatum,
761 2919 903 2989 quomodo
916 2919 1128 2992 intelligendum
1145 2923 1196 2990 sit,
1217 2937 1272 2976 non
1287 2939 1347 2978 cer-

256 3007 313 3057 tum
336 3002 463 3073 quidem,
494 3001 547 3057 sed
569 3007 662 3057 tamen
687 3018 743 3056 non
763 3004 846 3072 plane
867 3005 1017 3059 obscurum
1040 3011 1092 3060 est.
1129 3007 1172 3060 Ex
1193 3023 1248 3077 quo
1271 3009 1346 3063 enim

256 3077 381 3158 potestas
400 3087 548 3142 tribunicia
569 3103 620 3158 per
636 3085 742 3143 Sullam
764 3087 852 3149 tracta
873 3104 906 3142 ac
921 3103 1011 3160 paene
1034 3090 1144 3144 sublata
1159 3091 1222 3156 luit,
1245 3093 1345 3162 paucis

257 3173 338 3228 annis
360 3179 424 3244 post
446 3173 600 3228 acerrimae
623 3173 816 3228 contentiones
838 3173 1035 3228 exoriebantur
1057 3173 1095 3228 ad
1116 3191 1178 3229 eam
1199 3177 1347 3230 restituen-

257 3257 337 3324 dam;
362 3259 398 3312 cl.
420 3256 579 3314 Sohlosseri
600 3258 671 3318 Hist.
694 3259 865 3330 antiquitatis
891 3260 969 3320 univ.
992 3260 1057 3315 Vcl.
1076 3259 1110 3314 Il.
1132 3261 1161 3314 P.
1183 3266 1210 3318 2.
1231 3278 1258 3332 p.
1283 3263 1346 3320 393.

257 3347 284 3396 et
305 3341 460 3400 Drumanni
482 3345 551 3399 Hist.
573 3343 655 3398 Rom.
674 3345 736 3398 Vol.
758 3345 809 3399 ΙΙΙ.
826 3361 854 3415 p.
874 3347 928 3403 384
943 3361 1003 3416 sqq.
1044 3341 1345 3417 Quibus-plebeiorum
1434 3399 1436 3403 ,

257 3427 403 3483 conatibus
427 3445 512 3498 quum
533 3429 664 3485 nobilitas
690 3429 767 3484 initio
790 3428 974 3486 vehementer
999 3430 1163 3499 obsisteret,
1194 3436 1221 3485 et
1244 3432 1346 3502 quovis

255 3511 341 3566 modo
354 3528 405 3568 eos
420 3513 557 3585 im'pedire
579 3514 713 3580 studeret,
730 3531 786 3568 non
798 3514 1039 3586 improbabileest
1049 3515 1095 3572 his
1111 3517 1206 3572 verbis
1225 3517 1345 3588 spectari

255 3596 292 3651 ad
317 3597 489 3668 optimatium
516 3605 591 3654 artes
619 3598 913 3672 machinationesque,
945 3593 1045 3672 quibas
1066 3601 1205 3659 tribunum
1225 3603 1371 3674 aliquem¹

254 3687 415 3748 moverent,
437 3688 469 3738 ut
484 3685 592 3738 actone
608 3684 757 3740 desisteret.
797 3685 971 3756 Quamquam
987 3701 1043 3740 non
1061 3703 1134 3758 nego
1153 3689 1241 3742 verba
1262 3689 1346 3742 etiarn

256 3767 292 3822 de
306 3766 465 3822 ‘omittenda
485 3769 580 3839 aliqua
599 3771 792 3837 accusatione,
816 3785 899 3841 quam
916 3771 979 3842 quis
993 3773 1098 3842 potenti
1119 3771 1202 3827 alicui
1222 3773 1283 3827 viro
1305 3773 1345 3827 in-

255 3852 399 3920 tenderet,
417 3854 481 3926 capi
493 3869 591 3925 posse.

339 3939 383 3993 Fr.
405 3942 449 3998 45.
481 3935 567 4012 [Gort.
589 3957 617 4010 p.
637 3943 699 3998 960.
725 3939 800 3994 Gerl.
822 3939 868 3996 ed.
891 3940 955 3994 mai.
975 3937 1007 4007 ll,
1022 3945 1071 3998 85.
1094 3939 1141 4010 ed.
1161 3941 1227 3995 min.
1252 3941 1284 4011 ΙΙ,
1300 3947 1345 4002 81.

254 4041 282 4096 p.
295 4029 356 4091 205,
370 4027 412 4082 14.
424 4024 507 4081 Debr.
521 4024 552 4092 ll,
567 4021 623 4098 76]
654 4025 751 4080 Verba
767 4025 856 4080 attulit
869 4025 1004 4080 Priscian.
1017 4025 1063 4090 Vl,
1077 4030 1168 4093 11‚58.
1181 4043 1210 4097 p·
1219 4031 1278 4086 256.
1286 4027 1344 4096 ΙΙΙ,

255 4114 285 4163 ut
299 4111 431 4181 probaret
445 4111 521 4182 quies
535 4110 640 4181 pariter
655 4114 739 4180 atque
757 4111 863 4182 inquies
883 4109 1053 4166 adiectivum
1073 4127 1139 4165 esse
1159 4112 1240 4166 trium
1261 4129 1347 4184 geue-

257 4209 334 4262 rum;
357 4195 392 4251 ol.
412 4195 449 4250 ad
465 4196 509 4250 Fr.
525 4195 546 4268 Ι,
562 4199 588 4254 8.
620 4191 740 4250 Temere
761 4196 844 4266 igitur
861 4195 1024 4252 Gerlachius
1042 4195 1069 4249 in
1086 4195 1131 4249 ed.
1148 4197 1215 4254 min.
1233 4198 1346 4268 scripsit

255 4278 418 4349 inquietatum
441 4285 546 4337 temere
568 4279 643 4336 idem
668 4280 697 4335 in
717 4279 762 4334 ed.
779 4281 846 4334 min.
867 4280 1026 4354 appellabat
1041 4278 1158 4338 mdtavit
1176 4283 1346 4356 mappella-
