3096 4962
428 349 677 448 ursroarrauu
698 385 933 444 cercurum.
977 385 1045 442 urs.
1068 383 1090 440 r.
1259 375 1302 444 to

175 589 190 645 r
324 573 503 666 Agendum
514 571 908 670 atqueobviamcundum
920 574 982 658 est,
998 569 1152 656 Quirites,
1168 593 1304 662 nespo-

218 699 262 770 tia
277 703 393 772 vostra
405 723 510 793 penes
526 701 701 790 illossint3
725 677 799 771 non
816 698 1064 791 prolatandum,
1087 719 1197 790 neque
1215 695 1303 766 votis

218 825 365 916 paranda
375 813 517 915 ausilia3
534 826 595 897 uisi
606 827 691 897 torte
703 825 845 917 speratis
855 823 1071 894 taediumiam
1078 821 1303 914 autpudorem

217 951 400 1042 tyrannidis
418 929 532 1021 sullae
547 971 634 1036 esse,
651 955 774 1048 eleum
792 973 853 1044 per
866 949 977 1020 scelus
995 951 1156 1040 occupata
1169 945 1304 1039 pericu·

173 1094 192 1150 8
218 1074 324 1147 losius
342 1076 565 1147 dimissurum.
606 1077 653 1147 At
667 1076 722 1147 ille
744 1099 786 1150 eo
806 1075 986 1168 processit,
1009 1073 1057 1144 uti
1074 1071 1154 1143 nihil
1172 1071 1304 1165 glorio-

218 1223 291 1270 sum
314 1201 377 1272 nisi
389 1205 512 1288 tutum,
536 1207 569 1272 et
584 1201 694 1274 omnia
707 1201 897 1274 retinendae
914 1196 1146 1306 dominationis
1164 1196 1305 1268 honesta

217 1398 271 1454 lico
295 1400 377 1470 igitur
402 1402 530 1458 acumine
547 1401 713 1458 Gerlachius
734 1399 1034 1465 Sallustium-mactat,
1054 1395 1093 1452 ad
1108 1394 1302 1454 illustrandam

217 1477 422 1555 apoliovodem
435 1485 502 1540 Vol.
518 1485 564 1540 tlt.
579 1501 608 1555 p.
624 1489 666 1544 56.
685 1485 756 1540 haec
773 1488 925 1540 annotans:
964 1481 1112 1549 „Plurima
1129 1482 1224 1536 insunt
1237 1479 1306 1534 huie

218 1567 336 1624 orationi
351 1569 482 1624 nclitum
504 1569 594 1639 dieto,
616 1570 697 1641 quasi
712 1567 836 1640 Lepidus
852 1567 962 1624 insitam
977 1565 1063 1622 enbni
1083 1565 1226 1638 ignaviam
1242 1579 1305 1620 ver·

217 1655 316 1708 borum
331 1653 461 1711 iactantia
476 1652 655 1710 dissimulare
673 1651 823 1712 voluerit.“
856 1653 947 1710 Penes
960 1651 1057 1720 iilos,
1070 1649 1157 1722 ¹(ruod
1172 1650 1200 1706 in
1216 1647 1305 1704 omni-

182 1739 187 1783 ἶ
217 1739 269 1792 bus
283 1735 380 1804 codd.
403 1743 462 1806 est,
486 1737 595 1796 Cortius
615 1746 768 1811 praeeunte
785 1738 904 1813 Grutero
927 1743 959 1792 et'
976 1734 1109 1794 carrione
1138 1733 1255 1792 mutavit
1275 1733 1303 1788 lu

211 1835 300 1894 peram
313 1823 430 1896 illum,
453 1824 519 1894 quia
535 1823 571 1879 de
586 1823 666 1880 Sulla
677 1829 783 1880 tautum
798 1839 892 1878 senno
915 1821 957 1880 sit.
1004 1820 1063 1878 Sed
1077 1837 1163 1893 quum
1178 1817 1301 1890 Lepidus

216 1923 273 1962 non
290 1907 381 1980 magis
402 1909 430 1964 in
447 1905 555 1966 Sullam
574 1910 682 1982 ipsum,
703 1925 787 1981 quam
809 1909 837 1963 in
853 1906 986 1964 Sullanos
1010 1906 1176 1974 invehatur,
1198 1905 1301 1976 quippe

216 2008 334 2064 quorum
360 2009 464 2049 caussa
485 2010 549 2049 cum
564 1993 660 2051 Sullae
682 1994 913 2050 coniunctissima
934 1995 1026 2059 esset,
1053 1990 1122 2048 nilril
1142 1991 1227 2063 plane
1248 1995 1302 2058 est,

216 2094 265 2132 our
282 2077 400 2148 pluralis
417 2095 473 2134 non
488 2077 622 2136 terendus
638 2080 686 2136 sit.
716 2077 883 2136 Tenendum
898 2083 991 2134 tannen
1007 2082 1061 2145 est,
1077 2091 1163 2148 quum
1182 2075 1210 2130 in
1224 2080 1303 2130 ante·
1399 2085 1413 2106 ·

216 2161 380 2224 cedentibus
396 2163 434 2220 de
449 2163 528 2220 Sulla
542 2166 604 2220 solo
621 2162 726 2222 dictum
742 2165 786 2232 sit,
803 2179 862 2218 non
877 2161 980 2216 eodem
994 2169 1090 2218 tenore
1105 2160 1177 2216 haee
1191 2157 1303 2216 adiecta

217 2263 292 2314 esse,
311 2247 364 2302 sed
379 2254 527 2318 oratorem,
543 2249 623 2305 brevi
637 2265 728 2320 pausa
743 2249 904 2318 interiecta,
921 2247 1015 2302 verbis
1031 2245 1168 2318 wordum
1183 2251 1237 2300 etc.
1253 2260 1302 2298 no-

218 2347 285 2388 vam
300 2330 423 2402 incipere
439 2333 573 2391 orationis
589 2341 708 2405 partem.
740 2333 811 2390 Nam
828 2347 901 2404 quae
915 2335 1146 2400 antecesserunt,
1159 2334 1301 2400 tamquam

218 2414 327 2470 exordii
344 2417 405 2472 loco
423 2417 554 2474 habenda
569 2425 642 2488 sunt,
658 2435 714 2490 quo
726 2418 755 2476 id
770 2419 839 2490 agit,
855 2423 884 2473 ut
899 2414 996 2474 Sullae
1012 2416 1121 2475 seelera
1135 2415 1260 2486 exagitet
1275 2419 1302 2468 et

200 2499 367 2556 audientes
381 2501 422 2558 iri
434 2503 462 2559 in
480 2521 544 2560 eum
559 2504 690 2575 impleat3
701 2509 759 2560 lum
773 2497 953 2576 progreditur
968 2500 1060 2571 adid,
1073 2498 1150 2573 quod
1159 2506 1301 2571 tamquam

218 2601 344 2642 summus
360 2585 426 2644 finis
441 2587 507 2646 huic
522 2588 640 2646 orationi
656 2589 819 2662 propositus
838 2593 914 2657 erat,
937 2587 1020 2644 ulad
1037 2585 1132 2644 Sullae
1147 2586 1300 2658 potentiam

216 2674 243 2723 et
257 2670 382 2748 instituta
396 2674 551 2732 evertenda
565 2675 700 2747 populum
714 2675 858 2732 excitaret.
887 2672 974 2728 Recte
989 2671 1074 2746 igitur
1087 2670 1208 2728 Orellius
1220 2670 1301 2738 haec,

217 2754 333 2826 quaein
348 2759 449 2816 ceteris
465 2758 530 2816 edd.
540 2776 595 2816 uuo
611 2765 706 2820 tenore
723 2760 864 2832 teguntur,
881 2757 1013 2826 seiunxit,
1028 2763 1059 2813 ut
1073 2757 1135 2830 ipso
1150 2757 1301 2813 verborum

216 2846 332 2911 aspectu
345 2841 504 2900 intellectus
516 2843 826 2915 adiuvetur.—Ncquc
836 2843 928 2900 votis
935 2842 1071 2916 parando
1079 2843 1190 2908 comita
1199 2838 1300 2897 iisdem

215 2925 310 2980 verbis
319 2925 386 2980 dicit
394 2925 462 2982 Cato
470 2926 582 2982 inCatit.
590 2927 1159 2998 c.Lll‚29.—-Ilerrisisortcparticulisct.
1168 2931 1300 2984 annotata

217 3007 825 3082 aueatxlt,rt.erad1ug.1tt,4.—Verba
835 3012 954 3081 epacte
963 3011 1081 3066 ωεάίννη
1091 3014 1202 3068 marcet
1207 3011 1299 3082 pudo-
1345 3017 1351 3034 ‘

214 3109 275 3150 rem
285 3095 441 3167 tyrannides
453 3094 548 3152 Selloe
558 3109 625 3167 esso,
635 3101 661 3152 et
671 3111 733 3152 eum
744 3100 797 3150 etc.
811 3094 849 3150 ita
860 3099 971 3148 exstant
983 3094 1084 3150 inVat.
1094 3098 1184 3154 ΙΝ.
1202 3095 1232 3148 ln
1241 3092 1301 3150 vul·
1390 3135 1393 3141 .

215 3181 287 3252 gatis
303 3179 370 3235 edd.
382 3197 449 3238 vero
466 3181 567 3254 tegitur
581 3184 709 3254 sperabi,
720 3195 789 3253 per
800 3179 872 3236 tocd
887 3180 943 3234 mm
953 3177 1077 3250 colped.
1090 3184 1156 3251 tyr„
1170 3191 1229 3232 cese
1239 3191 1300 3230 eum

216 3271 280 3334 etc,
296 3281 379 3336 quam
392 3267 557 3339 scripturam
571 3267 607 3322 ab
627 3267 826 3339 interpolatore
838 3265 992 3336 prolectam
1004 3262 1169 3322 Gerlachius
1185 3267 1212 3316 et
1223 3259 1300 3316 Orel-

215 3349 377 3412 lius-merito
391 3351 583 3422 repudiarunt.
599 3350 727 3408 Ceterum
738 3349 862 3422 Lepidus
875 3349 969 3412 verbis
980 3347 1099 3406 taedium
1109 3346 1300 3421 autpudorem

213 3439 268 3504 tyr.
276 3432 370 3489 Sullae
380 3449 439 3492 cese
448 3435 546 3492 alludit
557 3435 593 3492 ad
606 3437 762 3494 abdicatam
770 3434 944 3491 dictaturam.
953 3434 1299 3505 -Pen'eatcmospeerar

17 3551 22 3564 -
141 3592 143 3598 Α
215 3517 473 3588 adeiusdemvocis
484 3521 646 3592 positivum,
655 3523 683 3578 in
691 3519 1009 3594 praecedentemembro
1021 3533 1222 3592 suppressum3
1236 3533 1299 3572 sen·

214 3603 301 3666 tentia
316 3603 389 3656 enim
402 3603 475 3660 haee
491 3612 549 3660 cst:
566 3607 620 3662 nisi
633 3606 850 3680 speratiseum,
880 3620 952 3676 quae
971 3621 1023 3678 per
1042 3603 1136 3660 scelus
1161 3619 1217 3658 noa
1239 3603 1299 3658 sinc

214 3703 339 3762 moeno
351 3688 482 3763 pennata
502 3694 705 3762 occupavit,
721 3679 1297 3762 eamoiorcperiealodimiceurum.
1412 3673 1419 3698 '

298 3778 323 3840 S·
338 3777 366 3834 8.
381 3777 480 3843 tumor)
515 3773 686 3832 Sententiam
701 3778 836 3848 languere
858 3791 979 3832 censens
995 3773 1104 3830 Curtius
1125 3778 1210 3830 anuo
1229 3773 1296 3830 satie

214 3873 350 3930 perverse
366 3858 433 3916 dicit
447 3860 540 3916 activo
559 3876 645 3916 sensu
663 3859 884 3933 signiticareid,
907 3860 980 3933 qaod
1000 3865 1109 3918 ocatur
1128 3860 1190 3914 sive
1212 3865 1297 3920 mmm

207 3950 334 4016 praestet
346 3945 570 4009 dombrotioncm5
591 3961 682 4017 neque
697 3945 871 4016 Gertaehius,
887 3946 964 4002 illum
979 3946 1136 4001 somniasse
1152 3946 1296 4012 incusans,
1404 4003 1405 4006 Ἴ

214 4045 272 4086 rem
289 4047 325 4088 eo
340 4029 500 4102 expedivit,
522 4029 598 4102 quod
613 4033 776 4088 observavit
796 4031 941 4104 „gloriam
955 4031 1001 4101 qul
1017 4036 1161 4104 appetant,
1186 4030 1221 4086 iis
1237 4029 1296 4084 nul·

214 4115 270 4170 lam
283 4117 438 4172 amariore
453 4117 588 4172 rationem
602 4115 761 4173 habendam
775 4119 872 4174 esse.“
890 4116 989 4184 ,Quasi
1007 4115 1061 4172 hoc
1073 4115 1192 4187 -lalesit,
1209 4112 1294 4186 quod,

215 4215 300 4270 quum
314 4202 343 4256 in
357 4202 491 4274 optimum
506 4217 644 4274 quemque
659 4201 756 4268 eadat,
780 4201 875 4260 Sullae
892 4201 958 4256 vitio
974 4199 1034 4256 dari
1048 4196 1154 4272 possit!
1178 4198 1237 4260 Sed
1250 4213 1295 4252 se·

214 4287 337 4342 canoris
358 4289 495 4344 vocabulo
517 4305 586 4344 usus
601 4288 637 4342 V.
653 4286 686 4342 D.
707 4286 832 4358 prodidit
846 4304 877 4342 se
893 4275 1008 4342 nescire
1023 4285 1090 4358 quid
1110 4289 1185 4340 esset
1200 4289 1294 4340 worm.
