3096 4962
469 429 717 488 HlSTORIARUM
738 428 972 488 FRAGMENTA.
1017 430 1083 488 LIB.
1106 434 1127 489 1.
1299 426 1339 491 51

212 629 246 686 re
257 615 378 688 bricam
392 615 547 708 praedam
568 637 689 687 venum
710 619 768 688 aut
783 617 871 690 dono
886 618 1004 690 dauni.
1049 619 1094 689 st
1108 617 1249 690 obiectat
1262 617 1340 690 milri

254 743 489 835 possessiones
508 765 552 812 ex
575 741 670 814 bonis
690 743 969 835 proscriptorum
998 745 1087 838 quod
1110 743 1240 838 quidem
1261 763 1341 814 sce-

254 869 359 941 lerum
376 870 467 942 illius
485 869 540 941 vel
559 889 750 940 martrinum
769 870 835 953 est,
861 889 930 938 non
948 891 1001 940 mc
1020 890 1128 962 neque
1143 889 1340 963 quemquam

254 996 399 1068 omnium
415 996 498 1066 satis
511 998 618 1067 tutum
632 993 754 1080 luisse,
771 992 904 1064 sirecte
920 994 1116 1066 laceremus
1148 995 1259 1088 Atque
1273 995 1340 1080 illa,

253 1125 423 1216 quactum
438 1119 612 1194 tormidine
628 1123 793 1196 mercatus
808 1140 893 1206 sum,
909 1118 1027 1210 pretio,
1049 1119 1160 1191 soluto
1176 1119 1258 1204 iure,
1276 1119 1342 1190 do-

253 1311 357 1367 bra’cam
369 1309 508 1384 praedam
522 1318 615 1368 autem
630 1327 664 1365 ne
679 1315 746 1382 puta
759 1325 810 1382 pro
826 1307 947 1379 quaIIbet
961 1307 1010 1364 vili
1026 1305 1133 1383 praeda
1145 1305 1248 1365 dIctam
1265 1326 1340 1377 esse,

255 1395 307 1450 sed
325 1397 391 1467 quia
406 1395 500 1452 Sullae
518 1397 546 1450 in
561 1397 607 1450 illo
626 1394 700 1450 bello
717 1391 796 1447 haud
810 1392 931 1462 exiguae
954 1399 1049 1464 partes
1071 1393 1198 1462 luerunt;
1221 1395 1258 1449 cl.
1279 1394 1341 1450 Plu-

254 1479 344 1535 tarch.
361 1481 389 1534 in
404 1479 493 1536 Mario
509 1485 595 1539 e.25.
611 1483 713 1538 16.-
735 1478 787 1532 Pro
804 1475 913 1544 dotum,
932 1473 1008 1548 quod
1023 1492 1120 1532 omnes
1138 1475 1221 1532 codd.
1239 1482 1341 1546 tenent,

255 1563 351 1620 Douza
366 1563 545 1620 scribendum
559 1565 668 1637 putavit
683 1561 764 1634 doto,
792 1561 926 1634 ignorans
949 1560 1143 1634 praedicatum
1164 1579 1220 1618 non
1241 1563 1342 1634 ubique

255 1667 317 1706 cum
334 1650 459 1706 subiecto
476 1663 648 1724 congruere,
667 1647 821 1720 sedsaepe
838 1645 899 1702 eius
915 1646 1099 1715 substantivi,
1118 1645 1194 1718 quod
1209 1648 1238 1702 in
1255 1663 1340 1720 eppo-

255 1735 354 1790 sitione
372 1736 463 1790 autin
486 1734 656 1791 secundarIa
679 1732 874 1789 enunciatione
901 1737 959 1802 est,
987 1733 1198 1805 grammaticam
1224 1733 1341 1788 sormam

255 1819 351 1890 sequi;
368 1819 403 1877 cl.
421 1819 492 1894 Nep.
508 1819 644 1876 ThemIst.
667 1835 693 1875 c.
708 1815 775 1887 VII,
797 1823 822 1878 5.
867 1813 985 1894 Illorups
1008 1815 1129 1874 urbem
1150 1823 1181 1873 ut
1200 1834 1356 1894 propup

251 1905 437 1978 pauculum
457 1908 730 1978 oppoettumesse
750 1903 887 1959 barbaris.
938 1902 1007 1960 Sall.
1035 1901 1147 1976 Fragm.
1174 1902 1195 1972 l,
1221 1909 1271 1972 51,
1298 1909 1341 1962 11.

260 1989 397 2045 Videma‘ni
408 1991 510 2046 intento
525 1992 616 2046 molo
631 1991 713 2064 quusi
731 1987 870 2061 fulmen
889 1993 987 2062 optare
1006 1990 1163 2062 aequisque
1178 2003 1214 2044 ne
1229 1990 1320 2044 attin
1338 2025 1341 2029 -

251 2081 318 2148 pat.
364 2077 401 2130 ol.
418 2075 456 2132 ad
470 2076 531 2148 Ing.
555 2073 660 2143 XVIII,
688 2079 731 2132 11.
753 2079 781 2128 et
804 2073 841 2130 ad
863 2071 974 2144 LXXV,
994 2077 1021 2132 6.
1037 2090 1070 2130 ac
1085 2072 1151 2129 vide
1166 2073 1342 2148 Kruegerum

221 2212 223 2216 ,
257 2159 292 2214 de
309 2159 426 2216 Attract.
440 2161 523 2234 Ling.
538 2159 598 2215 Lat.
618 2165 644 2225 s.
659 2163 704 2218 13.
720 2175 749 2230 p.
764 2161 799 2218 47
815 2175 877 2230 sqq.

341 2247 368 2310 S.
389 2249 433 2304 18.
476 2246 513 2300 At
525 2243 640 2300 obiectat
657 2241 737 2311 miti)
779 2243 820 2298 De
842 2260 896 2298 usu
911 2249 940 2298 at
957 2242 1128 2315 particulae,
1150 2260 1205 2315 qua
1227 2245 1342 2302 Insertur

256 2327 415 2387 adversarii
430 2329 565 2399 obiectio,
580 2345 607 2385 v.
624 2327 716 2384 Hand.
732 2325 767 2382 de
781 2327 900 2384 Particc.
916 2327 977 2383 Lat.
993 2328 1058 2382 Vol.
1074 2325 1096 2383 I.
1111 2345 1139 2400 p.
1155 2333 1215 2388 432.
1235 2359 1278 2370 —-
1301 2329 1341 2386 De

255 2414 399 2488 particulis
412 2431 469 2471 non
488 2443 525 2456 -
543 2429 630 2488 neque
646 2431 675 2470 v.
691 2412 728 2469 ad
746 2411 806 2469 Cat.
817 2431 848 2493 ρ.
862 2409 924 2482 LII,
943 2417 971 2473 6.
992 2443 1033 2454 -
1056 2412 1226 2471 taceremus
1246 2416 1342 2472 Douza

255 2505 352 2556 censet
378 2506 424 2556 aut
447 2516 499 2572 pro
518 2499 679 2574 fecissemus
696 2498 800 2554 dictum
823 2503 903 2568 esse,
931 2505 978 2556 aut
995 2499 1108 2556 omnino
1124 2515 1160 2556 ex
1181 2501 1342 2558 coniectura

255 2587 293 2641 lta
308 2585 392 2642 scribi
409 2587 530 2660 debere,
547 2587 575 2640 in
589 2593 706 2658 utroque
721 2585 826 2654 salsus3
846 2583 1038 2658 Imperfectum
1055 2585 1128 2640 enim
1144 2587 1341 2659 cogitationem

255 2671 340 2726 relert
355 2669 392 2726 ad
409 2671 478 2727 illud
490 2678 614 2745 tempuS,
630 2688 683 2746 quo
697 2669 789 2727 adbuc
804 2671 941 2742 rependum
956 2675 1033 2733 erot,·
1053 2671 1089 2726 cI.
1106 2669 1144 2726 ad
1155 2671 1216 2744 lug.
1232 2690 1257 2728 c.
1271 2671 1340 2741 LIX,

255 2759 281 2814 3.
297 2762 325 2810 et
340 2755 479 2830 LXXXII,
495 2762 522 2816 3.
546 2755 675 2814 Ceterum
689 2758 777 2812 verba
793 2757 820 2810 si
834 2761 908 2812 recte
921 2755 1080 2830 faceremus
1095 2753 1149 2812 hoe
1166 2755 1341 2830 significant:

257 2843 281 2896 si
297 2843 332 2897 ab
349 2841 477 2896 emendis
492 2843 714 2914 proscriptorum
729 2841 811 2896 bonis
826 2842 940 2896 omnino
960 2839 1176 2900 abstineremus,
1199 2873 1241 2882 —
1263 2844 1342 2914 Quae

258 2931 411 2998 sequuntur
428 2943 479 2998 pro
496 2926 574 2981 varia
589 2924 805 2998 Interpungendi
819 2927 927 2981 ratione
943 2927 1022 2982 varie
1035 2927 1069 2982 ab
1084 2927 1238 2984 editoribus
1255 2929 1343 3002 expli·

258 3007 374 3067 cantur.
406 3009 431 3066 N
434 3027 479 3066 am
493 3007 645 3079 Was'sius,
660 3008 786 3076 Cortius,
803 3014 830 3062 et
842 3009 932 3065 Faber
948 3009 994 3066 ed.
1007 3018 1031 3069 1.
1047 3011 1233 3082 scripserunt:
1251 3029 1343 3082 „mer-

257 3101 336 3152 catus
357 3111 435 3170 sum,
451 3098 543 3170 pretab
558 3096 660 3166 soluto,
675 3095 735 3150 iure
755 3093 874 3150 dominis
890 3100 982 3150 tamen
998 3095 1144 3149 restituo.“
1179 3097 1343 3154 Gerlachius

257 3183 285 3237 in
301 3181 346 3240 ed.
365 3181 531 3240 mai.·habct
546 3179 784 3255 quemadmodum
800 3178 957 3236 edIdimus:
977 3183 1137 3248 „mercatus
1151 3195 1227 3250 sum,
1242 3185 1342 3254 pretio,

257 3269 343 3324 soluto
358 3269 432 3340 iure,
457 3268 578 3325 domiuis
600 3273 694 3329 tamen
711 3267 857 3322 restituo.“
902 3266 933 3320 In
960 3263 1125 3338 Commentt.
1149 3282 1217 3323 vero
1243 3283 1273 3337 p.
1298 3271 1343 3327 60.

258 3354 415 3424 Improbata
431 3351 485 3409 hac
500 3356 609 3409 ratione
626 3353 666 3408 sic
683 3358 780 3418 censet
795 3350 1067 3424 iuterpungendum:
1095 3357 1254 3419 „mercatus
1271 3369 1343 3419 sum,

254 3439 344 3510 pretio
358 3439 457 3510 soluto,
472 3441 548 3508 iure,
568 3438 690 3495 dominis
706 3444 800 3493 tamen
819 3439 970 3505 restituo“;
994 3452 1112 3508 eamque
1134 3439 1284 3493 verborum
1303 3437 1344 3493 di-

259 3522 434 3577 stinctionem
460 3525 568 3596 etipse
596 3525 623 3578 ln
650 3521 696 3580 ed.
717 3523 785 3578 mia.
811 3528 838 3577 et
854 3521 973 3578 Orellius
991 3521 1140 3594 expressit.
1184 3521 1227 3577 Ex
1242 3523 1343 3595 quibus

259 3607 425 3663 lectionibus
441 3624 491 3662 cur
503 3609 595 3680 prima
611 3614 638 3663 et
654 3608 735 3664 tertia
751 3609 823 3664 salsa
844 3607 879 3664 sit
894 3607 992 3680 paucis
1014 3605 1150 3662 dicemus.
1193 3605 1264 3662 Nam
1288 3609 1344 3681 pri·

260 3709 336 3747 mum
352 3693 440 3748 verba
450 3695 543 3766 pretio
555 3695 641 3750 soluto
656 3693 693 3749 ad
707 3698 846 3750 mercatos
860 3705 920 3750 mom
937 3693 1025 3748 relata
1039 3707 1157 3764 prorsus
1173 3693 1264 3749 otiosa
1281 3700 1345 3750 sunt

261 3782 288 3833 et
305 3794 396 3850 paene
412 3780 520 3855 inepta,
538 3795 623 3852 quum
642 3795 733 3851 neque
747 3779 935 3852 perspiciatur
956 3795 1010 3850 quo
1028 3775 1146 3832 consilio
1166 3777 1343 3848 adnotantur,

262 3869 289 3918 et
303 3865 366 3936 ipsa
379 3869 517 3920 macutus
537 3877 598 3922 sum
613 3863 697 3942 dictio
720 3864 801 3920 soluti
826 3865 907 3936 pretii
931 3863 1073 3919 notionem
1099 3859 1242 3933 involvat;
1268 3864 1344 3935 quod

263 3947 426 4005 Gerlachius
454 3955 546 4005 autem
572 3948 653 4016 dicit,
677 3949 797 4005 sortasse
823 3949 858 4004 iis
882 3950 978 4005 verbis
1007 3947 1117 4017 caveri,
1150 3965 1186 4004 ne
1214 3949 1345 4022 speciosa

262 4035 364 4107 emptio
380 4035 596 4106 melligeratus,
613 4050 669 4088 non
685 4034 825 4108 reputavit
834 4033 870 4088 V.
885 4033 917 4089 D.
935 4031 1040 4090 Sullam
1059 4030 1219 4090 vendendis
1240 4035 1344 4092 civium

261 4121 343 4176 bonis
363 4125 536 4178 numeratum
557 4121 706 4192 pecuniam
730 4120 919 4192 quaestusse.
972 4118 1043 4175 Turn
1069 4135 1125 4173 non
1153 4125 1229 4192 patet
1253 4128 1345 4176 utrum

260 4207 321 4262 ture
340 4205 455 4262 dominis
469 4203 697 4279 coniungendam
715 4207 764 4274 sit,
792 4210 822 4260 ut
837 4204 970 4274 Wassio,
999 4202 1090 4259 Cortio
1117 4210 1144 4259 et
1168 4205 1294 4278 Zumptio
1317 4205 1345 4258 in

261 4292 375 4348 Annali.
391 4294 461 4348 critt.
476 4291 571 4348 Berol.
586 4310 612 4347 a.
630 4293 707 4351 1854.
724 4289 756 4345 Τ.
771 4289 804 4345 ΙΙ.
819 4307 848 4362 p.
863 4295 925 4351 312.
940 4289 1058 4364 placuit,
1084 4307 1119 4344 an
1135 4290 1196 4346 ture
1211 4289 1248 4344 ad
1262 4291 1345 4343 resti·

263 4381 306 4432 tuo
321 4377 420 4433 reterri
437 4377 552 4447 debeat,
570 4384 598 4433 ut
612 4377 701 4433 Faber
717 4383 821 4432 censet.
866 4377 956 4448 Atque
971 4373 1040 4429 illud
1057 4373 1171 4445 quidem
1188 4370 1272 4428 latine
1289 4372 1345 4429 dici

1096 4453 1144 4514 4*
