3102 4956
207 351 276 420 ltu
564 353 594 428 c.
618 351 791 412 sarnusn
814 351 929 446 curam

207 545 282 617 belli
297 545 339 616 ab
361 542 434 614 aliis
453 540 620 612 actitatio
642 540 828 625 rmdunda
850 545 908 610 aut
924 539 1064 632 turpiter
1085 538 1295 610 moriundum
1330 610 1337 629 ‚

206 669 258 742 sit.
301 666 543 738 Tantummodo
566 665 599 736 in
625 666 741 738 antiatis
764 666 918 738 habetote
941 691 1008 738 non
1035 689 1088 738 me
1114 665 1158 736 ob
1182 665 1336 743 sederem

205 800 263 868 aut
289 790 459 866 avaritiam
479 815 631 877 caesum,
655 793 714 863 sed
735 792 982 885 rolerrtem‘pro
1003 792 1166 864 maxumis
1186 793 1293 862 uene-

205 921 290 994 ficiis
311 919 450 989 animam
479 918 568 988 dono
595 917 738 988 dedisse.
772 918 837 988 Per
855 941 936 1006 vos,
965 917 1127 1005 Quirites,
1155 922 1189 988 et
1211 917 1336 1010 gio-13

206 1048 288 1118 riam
312 1043 492 1129 maiorum,
519 1042 658 1116 tolerate
690 1044 854 1130 advorsa,
884 1049 918 1114 et
943 1043 1106 1114 consulite
1132 1041 1294 1136 reipubli-
1331 1093 1338 1116 .

205 1194 273 1243 eae.
318 1171 421 1241 Multa
448 1191 528 1238 eura
559 1189 690 1238 summo
721 1167 859 1260 imperio
888 1168 991 1254 inest,
1019 1168 1112 1240 multi
1138 1171 1291 1263 ingentes
1299 1189 1333 1246 14

205 1395 315 1452 quoque
331 1383 359 1432 st
372 1375 498 1432 Weissio
512 1381 629 1433 retenta.
645 1373 771 1448 Respicit
784 1375 863 1432 Cotta
878 1376 915 1431 ad
929 1375 1059 1432 intestata
1074 1377 1293 1450 apraedouihus

205 1465 294 1524 maria
307 1468 536 1533 commeatusque
549 1461 727 1535 interceptos,
735 1477 790 1533 quo
799 1477 928 1518 annonae
936 1463 1040 1517 earitas
1049 1462 1078 1517 in
1088 1465 1155 1518 urbe
1163 1468 1293 1534 tantaque

204 1553 233 1608 in
248 1549 395 1606 consulem
411 1549 453 1603 ira
467 1552 566 1603 exorta
582 1552 693 1616 erat3v.
703 1547 1017 1616 eumuna-Beue·
1029 1547 1065 1603 ed
1082 1549 1144 1604 aliis
1159 1551 1232 1604 uoti
1245 1565 1294 1604 au·

205 1642 264 1693 olor
277 1632 405 1691 consulto
421 1639 448 1688 et
462 1648 599 1704 perquam
617 1635 683 1705 apte
697 1632 780 1701 dicit,
798 1649 968 1705 quamquam
983 1633 1081 1688 bellem
1097 1649 1224 1706 perere
1239 1635 1300 1689 sol··

205 1723 281 1776 lenni
297 1735 351 1774 usu
368 1715 535 1773 diciturne
554 1716 629 1773 enim
646 1711 779 1773 differunt
795 1731 880 1790 apere
897 1723 924 1772 et
935 1731 1035 1790 perere
1054 1721 1155 1787 verba,
1179 1723 1208 1774 ut
1226 1717 1294 1780 illud

205 1807 304 1862 latiore
320 1818 408 1860 sensu
431 1808 581 1874 usurpetur
600 1801 636 1858 de
657 1805 741 1860 rebus
762 1801 900 1858 mouere&
922 1809 1004 1874 atque
1031 1804 1214 1876 intpellerulie,
1238 1821 1294 1877 quo

205 1893 288 1948 unice
302 1891 411 1945 constat
425 1889 500 1944 notio
519 1888 642 1958 rodonia
658 1889 708 1954 (el.
728 1887 785 1943 Cio.
806 1887 841 1942 de
860 1888 893 1942 N.
909 1887 941 1942 D.
959 1887 980 1957 l,
996 1891 1041 1957 37,
1058 1891 1118 1948 lei.
1134 1889 1215 1945 Haec
1228 1907 1295 1946 ore·

205 1979 241 2033 tio
252 1991 315 2032 *non
329 1973 409 2030 modo
426 1974 491 2029 cleos
504 1974 604 2044 spoliat
623 1980 715 2042 motu
732 1979 765 2029 et
785 1973 926 2028 actione
942 1973 1049 2042 delrio,
1080 1975 1131 2030 aad
1148 1976 1229 2030 etium
1244 1975 1294 2032 leo-

205 2064 291 2118 mlnea
309 2063 410 2116 inertes
431 2057 547 2132 efficit),
565 2058 706 2114 hervero
723 2059 863 2114 astrictius
880 2057 988 2114 dicatur
1009 2058 1044 2114 de
1062 2060 1111 2128 iis,
1141 2077 1213 2131 quae
1232 2062 1295 2132 quis

206 2145 370 2221 aggreditur
386 2150 415 2200 et
430 2144 511 2216 quasi
525 2146 554 2200 in
568 2159 667 2200 manus
683 2150 792 2218 sumpto
804 2149 914 2200 inormi.
946 2144 1121 2216 Quamquam
1139 2145 1223 2218 igitur
1240 2146 1295 2202 hoo

206 2231 367 2290 discrimine
388 2232 538 2286 observato
561 2229 596 2284 do
617 2231 711 2286 niriltis
734 2237 881 2301 utrumque
905 2231 1023 2285 verbum
1044 2229 1172 2286 adhiberi
1191 2235 1293 2304 potest,

204 2321 282 2377 velut
303 2317 411 2390 negata
433 2321 696 2388 reponderare,
731 2321 825 2370 tamen
845 2329 905 2370 rem
923 2327 1023 2387 perere
1049 2315 1084 2370 de
1108 2331 1219 2388 pugna,
1248 2331 1297 2374 rea

202 2411 296 2477 perlae
309 2401 345 2456 de
362 2401 441 2455 laetis
457 2400 621 2455 militaribus
641 2406 668 2454 et
682 2401 831 2467 civilibus,
854 2415 914 2456 rem
924 2399 1065 2472 pttbiioum
1078 2415 1178 2474 perere
1200 2402 1235 2457 de
1255 2404 1294 2460 oi-

205 2491 293 2546 vitate
309 2483 547 2552 administranda,
570 2490 597 2538 et
619 2485 712 2556 ipsum
726 2485 823 2540 bellarm
836 2499 936 2557 perere
954 2487 1069 2556 proprie
1085 2486 1203 2555 dieitur,
1227 2503 1295 2560 quo

205 2574 280 2629 niam
295 2572 322 2626 in
335 2570 381 2626 his
397 2569 527 2624 omnibus
540 2574 618 2626 ,certa
633 2586 667 2624 ae
680 2569 796 2624 definita
811 2570 881 2625 ratio
897 2575 1059 2641 certumque
1074 2573 1115 2626 rei
1130 2572 1295 2630 tractandae

205 2655 353 2715 eonsilium
369 2654 559 2726 cognoscitur.
591 2653 650 2710 Sed
663 2654 718 2710 hoe
734 2656 826 2726 ipsum
844 2654 913 2710 vitio
930 2653 1033 2710 dueum
1049 2658 1076 2710 in
1094 2658 1167 2712 bello
1182 2657 1294 2714 deside·

205 2743 261 2800 rari
277 2741 358 2798 Cotta
375 2738 530 2812 signifieat,
553 2739 745 2795 tantummodo
764 2743 855 2796 aetum
871 2739 986 2808 diceus,
1010 2741 1086 2812 quod
1104 2747 1209 2816 portum
1229 2761 1293 2800 esse

204 2828 368 2901 oportebat3
396 2824 541 2882 indefinito
564 2826 638 2881 enim
664 2831 691 2880 et
711 2827 791 2898 quasi
813 2811 973 2904 eidrupe'pp
999 2842 1084 2900 opere
1099 2827 1247 2886 'vocabulo
1265 2830 1294 2884 in

204 2915 307 2970 malam
327 2916 436 2983 partem
457 2927 525 2967 usus
541 2909 645 2984 bellum
664 2911 723 2968 aare
736 2925 867 2972 mereatu
882 2911 1104 2970 amorraeum
1125 2917 1152 2968 et
1167 2929 1229 2970 mm
1246 2915 1289 2972 de·

204 3002 329 3055 tremnu
347 2994 514 3071 reipublicae
533 3002 652 3054 tractum
675 2997 793 3070 intelligi
808 2999 876 3053 vult.
896 3025 939 3036 -
961 2995 1091 3054 Ceterum
1105 3002 1162 3054 tres
1178 2999 1294 3072 genitivi

204 3101 260 3142 non
286 3089 350 3141 sunt
375 3082 504 3139 eiusdem
528 3083 656 3156 generis,
686 3089 714 3138 ut
733 3083 841 3155 putavit
862 3080 971 3138 Cortius
994 3083 1129 3155 innitique
1152 3084 1214 3154 alii,
1246 3087 1293 3158 qui

204 3175 342 3230 commate
361 3175 427 3241 post
446 3168 579 3242 fortunae
599 3167 801 3237 distinxerunt,¹
826 3166 878 3222 sed
897 3173 923 3222 et
939 3169 1030 3224 itteris
1043 3173 1070 3224 et
1083 3167 1146 3226 teat
1164 3170 1296 3228 attribute

204 3262 271 3314 sunt
289 3255 438 3328 fortunae,
470 3270 526 3325 qua
546 3268 634 3322 voce,
662 3267 735 3324 quae
754 3253 815 3308 sola
834 3251 941 3324 madet
960 3269 997 3310 ex
1018 3254 1113 3310 verbis
1135 3249 1295 3334 ruiiojred-

204 3341 315 3408 decada,
337 3342 461 3395 imerius
474 3339 522 3393 vel
537 3339 630 3410 potius
644 3335 785 3410 infaustas
799 3341 909 3394 comata
924 3338 1106 3413 significatur.

288 3429 316 3490 S·
332 3429 375 3482 la.
402 3421 461 3480 Per
480 3436 543 3492 voa,
564 3421 697 3492 manime,
710 3428 748 3478 ‘et
764 3423 883 3496 witam
898 3426 1048 3494 morare)
1083 3425 1157 3482 Ante
1181 3421 1295 3482 Cieeeo-

205 3511 283 3566 nium
303 3512 369 3580 post
388 3521 446 3564 roe
458 3506 593 3563 edebatur
612 3507 709 3579 tetur:
730 3507 807 3580 quod
828 3525 912 3581 quum
934 3511 963 3567 in
982 3511 1058 3567 nullo
1075 3511 1175 3570 eodioe
1194 3516 1293 3582 exstet,

203 3594 316 3668 plurimi
331 3593 471 3663 editores,
494 3598 612 3665 excepto
628 3591 781 3650 Debrossio
797 3599 825 3650 et
840 3595 982 3666 Weissio,
1003 3603 1127 3670 apertam
1145 3597 1295 3672 interpola·

204 3681 308 3735 tionem
322 3678 421 3733 merito
439 3678 591 3734 eiecerunt.
612 3709 651 3722 -
681 3677 712 3733 ln
729 3680 912 3736 obtestatione
936 3683 1000 3754 ipsa
1012 3696 1060 3739 voa
1076 3698 1132 3738 non
1154 3682 1294 3739 obiectum

204 3771 247 3821 est
267 3764 424 3834 exemisse
440 3765 528 3819 verbo
543 3762 689 3836 pendens,
708 3763 760 3820 sed
775 3767 907 3823 contnuo
923 3783 959 3824 ex
968 3782 1026 3840 per
1042 3772 1136 3839 aptum
1157 3784 1221 3824 eam
1236 3768 1294 3824 vim

111 3885 113 3888 -
204 3851 303 3917 habet,
326 3852 356 3903 ut
370 3849 449 3920 ipsos
464 3848 624 3918 Romanos,
645 3867 716 3922 quos
732 3849 812 3906 Cotta
834 3853 1000 3924 alloquitur,
1021 3857 1106 3908 testes
1122 3867 1238 3924 precum
1256 3853 1296 3909 la-

205 3936 275 4003 oiat3
292 3932 396 4008 quippe
413 3947 531 4005 quorum
538 3948 679 4008 praesens
694 3936 828 3992 maiestas
844 3939 1011 4010 pronomine
1027 3937 1170 3994 deelarata
1187 3937 1295 4010 gloriae

204 4020 341 4076 neaeram
366 4024 534 4093 opponatur.
571 4018 645 4076 Usus
666 4020 786 4077 eandem
807 4037 960 4092 personam
987 4023 1125 4092 testandi,
1154 4021 1295 4094 adquam

205 4105 294 4161 oratio
310 4102 454 4178 dirigitur,
471 4121 639 4178 quamquam
656 4123 712 4161 non
727 4106 879 4165 admodum
895 4109 1028 4179 frequens
1044 4113 1103 4176 est,
1125 4113 1219 4163 tamen
1236 4106 1296 4164 ido·

205 4190 267 4246 neis
287 4191 426 4262 exemplis
446 4205 504 4247 non
519 4195 612 4258 earet3
640 4193 676 4246 ol.
695 4191 756 4266 lug.
772 4189 847 4262 XlV,
861 4198 904 4252 ²5.
926 4191 1029 4250 Patres
1049 4193 1212 4264 ronmripti,
1228 4207 1298 4265 per

206 4291 280 4358 vos,
296 4290 353 4360 per
373 4275 473 4334 liberos
492 4280 575 4360 atque
590 4278 719 4356 parertd'a
740 4282 858 4347 aanor,
878 4293 936 4357 per
949 4279 1121 4340 aaronem.
1134 4278 1236 4352 populi
1249 4295 1296 4338 ro·
