<?xml version="1.0" encoding="UTF-8"?>
<!DOCTYPE html PUBLIC "-//W3C//DTD XHTML 1.0 Transitional//EN"
    "http://www.w3.org/TR/xhtml1/DTD/xhtml1-transitional.dtd">
<html xmlns="http://www.w3.org/1999/xhtml" xml:lang="en" lang="en">
 <head>
  <title>
</title>
<meta http-equiv="Content-Type" content="text/html;charset=utf-8" />
  <meta name='ocr-system' content='tesseract 3.04.00' />
  <meta name='ocr-capabilities' content='ocr_page ocr_carea ocr_par ocr_line ocrx_word'/>
</head>
<body>
  <div class='ocr_page' id='page_1' title='image "./csallusticrispi04sallgoog_0066.png"; bbox 0 0 3096 4962; ppageno 0'>
   <div class='ocr_carea' id='block_1_1' title="bbox 254 341 974 443">
    <p class='ocr_par' dir='ltr' id='par_1_1' title="bbox 254 341 974 443">
     <span class='ocr_line' id='line_1_1' title="bbox 254 341 974 443; baseline -0.008 0"><span class='ocrx_word' id='word_1_1' title='bbox 254 377 295 443; x_wconf 83' lang='lat' dir='ltr'>rs</span> <span class='ocrx_word' id='word_1_2' title='bbox 566 341 568 346; x_wconf 61' lang='grc'><strong>’</strong></span> <span class='ocrx_word' id='word_1_3' title='bbox 615 382 645 439; x_wconf 89' lang='lat' dir='ltr'>o</span> <span class='ocrx_word' id='word_1_4' title='bbox 667 379 840 440; x_wconf 79' lang='lat' dir='ltr'>slrrnsn</span> <span class='ocrx_word' id='word_1_5' title='bbox 861 379 974 440; x_wconf 78' lang='lat' dir='ltr'>cusai</span> 
     </span>
    </p>
   </div>
   <div class='ocr_carea' id='block_1_2' title="bbox 355 566 1098 766">
    <p class='ocr_par' dir='ltr' id='par_1_2' title="bbox 355 566 1098 766">
     <span class='ocr_line' id='line_1_2' title="bbox 356 566 1089 660; baseline -0.008 -18"><span class='ocrx_word' id='word_1_6' title='bbox 356 575 406 642; x_wconf 87' lang='grc'>16.</span> <span class='ocrx_word' id='word_1_7' title='bbox 438 570 549 660; x_wconf 85' lang='lat' dir='ltr'>Atque</span> <span class='ocrx_word' id='word_1_8' title='bbox 569 568 675 638; x_wconf 91' lang='lat' dir='ltr'>omnis</span> <span class='ocrx_word' id='word_1_9' title='bbox 696 567 788 638; x_wconf 84' lang='lat' dir='ltr'>ltalia</span> <span class='ocrx_word' id='word_1_10' title='bbox 807 567 923 639; x_wconf 88' lang='lat' dir='ltr'>animis</span> <span class='ocrx_word' id='word_1_11' title='bbox 942 566 1089 638; x_wconf 77' lang='lat' dir='ltr'><strong>discedit.</strong></span> 
     </span>
     <span class='ocr_line' id='line_1_3' title="bbox 355 691 1098 766; baseline -0.007 -1"><span class='ocrx_word' id='word_1_12' title='bbox 355 697 405 765; x_wconf 84' lang='grc'>17.</span> <span class='ocrx_word' id='word_1_13' title='bbox 438 693 521 763; x_wconf 82' lang='lat' dir='ltr'>Post</span> <span class='ocrx_word' id='word_1_14' title='bbox 539 693 755 766; x_wconf 87' lang='lat' dir='ltr'>delectionem</span> <span class='ocrx_word' id='word_1_15' title='bbox 779 694 945 766; x_wconf 90' lang='lat' dir='ltr'>sociorum</span> <span class='ocrx_word' id='word_1_16' title='bbox 968 695 1000 763; x_wconf 89' lang='lat' dir='ltr'>et</span> <span class='ocrx_word' id='word_1_17' title='bbox 1016 691 1098 763; x_wconf 89' lang='lat' dir='ltr'>Lati.</span> 
     </span>
    </p>
   </div>
   <div class='ocr_carea' id='block_1_3' title="bbox 248 895 1336 1227">
    <p class='ocr_par' dir='ltr' id='par_1_3' title="bbox 248 895 1336 1227">
     <span class='ocr_line' id='line_1_4' title="bbox 251 895 1336 970; baseline -0.002 -14"><span class='ocrx_word' id='word_1_18' title='bbox 251 901 360 957; x_wconf 89' lang='lat' dir='ltr'>sublato</span> <span class='ocrx_word' id='word_1_19' title='bbox 382 898 483 956; x_wconf 86' lang='lat' dir='ltr'>eadem</span> <span class='ocrx_word' id='word_1_20' title='bbox 497 901 586 956; x_wconf 86' lang='lat' dir='ltr'>verba</span> <span class='ocrx_word' id='word_1_21' title='bbox 600 899 708 968; x_wconf 89' lang='lat' dir='ltr'>haberi,</span> <span class='ocrx_word' id='word_1_22' title='bbox 725 916 797 970; x_wconf 89' lang='lat' dir='ltr'>quae</span> <span class='ocrx_word' id='word_1_23' title='bbox 810 897 927 958; x_wconf 90' lang='lat' dir='ltr'>Servius</span> <span class='ocrx_word' id='word_1_24' title='bbox 945 900 1050 969; x_wconf 83' lang='lat' dir='ltr'>attulit,</span> <span class='ocrx_word' id='word_1_25' title='bbox 1071 899 1127 956; x_wconf 88' lang='lat' dir='ltr'>hac</span> <span class='ocrx_word' id='word_1_26' title='bbox 1152 899 1214 953; x_wconf 89' lang='lat' dir='ltr'>sola</span> <span class='ocrx_word' id='word_1_27' title='bbox 1229 895 1336 954; x_wconf 91' lang='lat' dir='ltr'>discre-</span> 
     </span>
     <span class='ocr_line' id='line_1_5' title="bbox 249 981 1336 1058; baseline -0.003 -17"><span class='ocrx_word' id='word_1_28' title='bbox 249 986 355 1057; x_wconf 86' lang='lat' dir='ltr'>pantia,</span> <span class='ocrx_word' id='word_1_29' title='bbox 368 985 443 1057; x_wconf 90' lang='lat' dir='ltr'>quod</span> <span class='ocrx_word' id='word_1_30' title='bbox 454 983 603 1041; x_wconf 79' lang='lat' dir='ltr'>maioribus</span> <span class='ocrx_word' id='word_1_31' title='bbox 613 991 678 1056; x_wconf 88' lang='lat' dir='ltr'>post</span> <span class='ocrx_word' id='word_1_32' title='bbox 688 992 766 1058; x_wconf 75' lang='lat' dir='ltr'>pente</span> <span class='ocrx_word' id='word_1_33' title='bbox 777 986 889 1057; x_wconf 88' lang='lat' dir='ltr'>legitur,</span> <span class='ocrx_word' id='word_1_34' title='bbox 903 985 958 1058; x_wconf 82' lang='lat' dir='ltr'>fuit</span> <span class='ocrx_word' id='word_1_35' title='bbox 970 991 1063 1058; x_wconf 85' lang='lat' dir='ltr'>autem</span> <span class='ocrx_word' id='word_1_36' title='bbox 1078 984 1167 1052; x_wconf 90' lang='lat' dir='ltr'>deest,</span> <span class='ocrx_word' id='word_1_37' title='bbox 1182 981 1261 1039; x_wconf 91' lang='lat' dir='ltr'>haud</span> <span class='ocrx_word' id='word_1_38' title='bbox 1272 1000 1336 1039; x_wconf 88' lang='lat' dir='ltr'>rara</span> 
     </span>
     <span class='ocr_line' id='line_1_6' title="bbox 249 1067 1336 1142; baseline -0.002 -18"><span class='ocrx_word' id='word_1_39' title='bbox 249 1087 305 1140; x_wconf 89' lang='lat' dir='ltr'>res,</span> <span class='ocrx_word' id='word_1_40' title='bbox 329 1071 376 1126; x_wconf 88' lang='lat' dir='ltr'>ubi</span> <span class='ocrx_word' id='word_1_41' title='bbox 392 1070 567 1142; x_wconf 88' lang='lat' dir='ltr'>grammatici</span> <span class='ocrx_word' id='word_1_42' title='bbox 586 1070 753 1142; x_wconf 87' lang='lat' dir='ltr'>scriptorum</span> <span class='ocrx_word' id='word_1_43' title='bbox 769 1073 858 1127; x_wconf 84' lang='lat' dir='ltr'>verba</span> <span class='ocrx_word' id='word_1_44' title='bbox 872 1072 1033 1126; x_wconf 85' lang='lat' dir='ltr'>memoriter</span> <span class='ocrx_word' id='word_1_45' title='bbox 1050 1069 1176 1126; x_wconf 88' lang='lat' dir='ltr'>laudant.</span> <span class='ocrx_word' id='word_1_46' title='bbox 1207 1067 1336 1125; x_wconf 88' lang='lat' dir='ltr'>Ceterum</span> 
     </span>
     <span class='ocr_line' id='line_1_7' title="bbox 248 1153 1335 1227; baseline -0.003 -16"><span class='ocrx_word' id='word_1_47' title='bbox 248 1157 353 1211; x_wconf 86' lang='lat' dir='ltr'>Fronto</span> <span class='ocrx_word' id='word_1_48' title='bbox 368 1155 404 1211; x_wconf 89' lang='lat' dir='ltr'>de</span> <span class='ocrx_word' id='word_1_49' title='bbox 428 1155 580 1210; x_wconf 86' lang='lat' dir='ltr'>insolenter</span> <span class='ocrx_word' id='word_1_50' title='bbox 595 1162 730 1227; x_wconf 89' lang='lat' dir='ltr'>usurpata</span> <span class='ocrx_word' id='word_1_51' title='bbox 747 1156 915 1227; x_wconf 74' lang='lat' dir='ltr'>antiquitatis</span> <span class='ocrx_word' id='word_1_52' title='bbox 937 1171 1010 1211; x_wconf 88' lang='lat' dir='ltr'>voce</span> <span class='ocrx_word' id='word_1_53' title='bbox 1032 1161 1108 1211; x_wconf 89' lang='lat' dir='ltr'>recte</span> <span class='ocrx_word' id='word_1_54' title='bbox 1124 1153 1247 1222; x_wconf 67' lang='lat' dir='ltr'>iudicat,</span> <span class='ocrx_word' id='word_1_55' title='bbox 1270 1170 1335 1209; x_wconf 86' lang='lat' dir='ltr'>narn</span> 
     </span>
    </p>
   </div>
   <div class='ocr_carea' id='block_1_4' title="bbox 140 1237 1343 1312">
    <p class='ocr_par' dir='ltr' id='par_1_4' title="bbox 140 1237 1343 1312">
     <span class='ocr_line' id='line_1_8' title="bbox 140 1237 1343 1312; baseline 0.001 -19"><span class='ocrx_word' id='word_1_56' title='bbox 140 1277 148 1292; x_wconf 82' lang='lat'>.</span> <span class='ocrx_word' id='word_1_57' title='bbox 250 1245 348 1295; x_wconf 88' lang='lat' dir='ltr'>contra</span> <span class='ocrx_word' id='word_1_58' title='bbox 364 1239 498 1312; x_wconf 88' lang='lat' dir='ltr'>loquendi</span> <span class='ocrx_word' id='word_1_59' title='bbox 515 1237 750 1295; x_wconf 88' lang='lat' dir='ltr'>consuetudinem</span> <span class='ocrx_word' id='word_1_60' title='bbox 770 1238 922 1296; x_wconf 80' lang='lat' dir='ltr'><strong>Sallustius</strong></span> <span class='ocrx_word' id='word_1_61' title='bbox 939 1241 1114 1297; x_wconf 89' lang='lat' dir='ltr'>substantivo</span> <span class='ocrx_word' id='word_1_62' title='bbox 1132 1255 1195 1295; x_wconf 88' lang='lat' dir='ltr'>eam</span> <span class='ocrx_word' id='word_1_63' title='bbox 1210 1240 1268 1296; x_wconf 88' lang='lat' dir='ltr'>vim</span> <span class='ocrx_word' id='word_1_64' title='bbox 1287 1239 1343 1294; x_wconf 91' lang='lat' dir='ltr'>tri-.</span> 
     </span>
    </p>
   </div>
   <div class='ocr_carea' id='block_1_5' title="bbox 167 1323 1336 3950">
    <p class='ocr_par' dir='ltr' id='par_1_5' title="bbox 167 1323 1336 3524">
     <span class='ocr_line' id='line_1_9' title="bbox 248 1323 1336 1396; baseline 0 -16"><span class='ocrx_word' id='word_1_65' title='bbox 248 1328 315 1394; x_wconf 89' lang='lat' dir='ltr'>buit,</span> <span class='ocrx_word' id='word_1_66' title='bbox 331 1342 403 1396; x_wconf 90' lang='lat' dir='ltr'>quae</span> <span class='ocrx_word' id='word_1_67' title='bbox 419 1323 612 1380; x_wconf 90' lang='lat' dir='ltr'>tantummodo</span> <span class='ocrx_word' id='word_1_68' title='bbox 627 1326 656 1380; x_wconf 94' lang='lat' dir='ltr'>in</span> <span class='ocrx_word' id='word_1_69' title='bbox 674 1324 807 1382; x_wconf 86' lang='lat' dir='ltr'>adieetivi</span> <span class='ocrx_word' id='word_1_70' title='bbox 819 1325 916 1380; x_wconf 88' lang='lat' dir='ltr'>lormis</span> <span class='ocrx_word' id='word_1_71' title='bbox 930 1326 1111 1396; x_wconf 58' lang='lat' dir='ltr'>antuuiuset</span> <span class='ocrx_word' id='word_1_72' title='bbox 1121 1326 1336 1396; x_wconf 57' lang='lat' dir='ltr'>untipmsufntem</span> 
     </span>
     <span class='ocr_line' id='line_1_10' title="bbox 249 1409 1335 1483; baseline -0.001 -18"><span class='ocrx_word' id='word_1_73' title='bbox 249 1412 330 1480; x_wconf 89' lang='lat' dir='ltr'>inest,</span> <span class='ocrx_word' id='word_1_74' title='bbox 345 1427 475 1483; x_wconf 89' lang='lat' dir='ltr'>quaeque</span> <span class='ocrx_word' id='word_1_75' title='bbox 493 1428 527 1465; x_wconf 93' lang='lat' dir='ltr'>eo</span> <span class='ocrx_word' id='word_1_76' title='bbox 543 1416 662 1480; x_wconf 88' lang='lat' dir='ltr'>constat,</span> <span class='ocrx_word' id='word_1_77' title='bbox 678 1409 754 1481; x_wconf 88' lang='lat' dir='ltr'>quod</span> <span class='ocrx_word' id='word_1_78' title='bbox 765 1427 822 1464; x_wconf 92' lang='lat' dir='ltr'>non</span> <span class='ocrx_word' id='word_1_79' title='bbox 833 1412 963 1483; x_wconf 80' lang='lat' dir='ltr'>temperis</span> <span class='ocrx_word' id='word_1_80' title='bbox 974 1411 1073 1464; x_wconf 92' lang='lat' dir='ltr'>remoti</span> <span class='ocrx_word' id='word_1_81' title='bbox 1087 1427 1121 1465; x_wconf 91' lang='lat' dir='ltr'>ac</span> <span class='ocrx_word' id='word_1_82' title='bbox 1136 1409 1243 1464; x_wconf 87' lang='lat' dir='ltr'>dudum</span> <span class='ocrx_word' id='word_1_83' title='bbox 1254 1424 1335 1480; x_wconf 92' lang='lat' dir='ltr'>prae·</span> 
     </span>
     <span class='ocr_line' id='line_1_11' title="bbox 247 1495 1335 1568; baseline -0.002 -18"><span class='ocrx_word' id='word_1_84' title='bbox 247 1497 380 1568; x_wconf 89' lang='lat' dir='ltr'>terlapsi,</span> <span class='ocrx_word' id='word_1_85' title='bbox 398 1495 451 1552; x_wconf 90' lang='lat' dir='ltr'>sed</span> <span class='ocrx_word' id='word_1_86' title='bbox 467 1496 518 1552; x_wconf 84' lang='lat' dir='ltr'>loci</span> <span class='ocrx_word' id='word_1_87' title='bbox 528 1501 609 1568; x_wconf 84' lang='lat' dir='ltr'>etque</span> <span class='ocrx_word' id='word_1_88' title='bbox 620 1497 726 1551; x_wconf 81' lang='lat' dir='ltr'>ordinis</span> <span class='ocrx_word' id='word_1_89' title='bbox 738 1497 884 1568; x_wconf 80' lang='lat' dir='ltr'>prioris</span> <span class='ocrx_word' id='word_1_90' title='bbox 901 1501 928 1550; x_wconf 87' lang='lat' dir='ltr'>et</span> <span class='ocrx_word' id='word_1_91' title='bbox 938 1500 1052 1568; x_wconf 90' lang='lat' dir='ltr'>propter</span> <span class='ocrx_word' id='word_1_92' title='bbox 1067 1495 1095 1550; x_wconf 92' lang='lat' dir='ltr'>id</span> <span class='ocrx_word' id='word_1_93' title='bbox 1112 1496 1205 1566; x_wconf 91' lang='lat' dir='ltr'>ipsum</span> <span class='ocrx_word' id='word_1_94' title='bbox 1222 1496 1335 1566; x_wconf 88' lang='lat' dir='ltr'>gravio-</span> 
     </span>
     <span class='ocr_line' id='line_1_12' title="bbox 169 1579 1335 1652; baseline -0.001 -17"><span class='ocrx_word' id='word_1_95' title='bbox 169 1589 172 1596; x_wconf 85' lang='grc'><strong>“</strong></span> <span class='ocrx_word' id='word_1_96' title='bbox 246 1584 285 1636; x_wconf 90' lang='lat' dir='ltr'>ris</span> <span class='ocrx_word' id='word_1_97' title='bbox 301 1598 334 1637; x_wconf 90' lang='lat' dir='ltr'>ac</span> <span class='ocrx_word' id='word_1_98' title='bbox 350 1581 478 1636; x_wconf 88' lang='lat' dir='ltr'>melioris</span> <span class='ocrx_word' id='word_1_99' title='bbox 493 1582 579 1648; x_wconf 91' lang='lat' dir='ltr'>notio,</span> <span class='ocrx_word' id='word_1_100' title='bbox 598 1597 633 1635; x_wconf 86' lang='lat' dir='ltr'>ex</span> <span class='ocrx_word' id='word_1_101' title='bbox 647 1585 712 1637; x_wconf 82' lang='lat' dir='ltr'>ente</span> <span class='ocrx_word' id='word_1_102' title='bbox 725 1595 797 1637; x_wconf 87' lang='lat' dir='ltr'>voce</span> <span class='ocrx_word' id='word_1_103' title='bbox 811 1581 977 1652; x_wconf 88' lang='lat' dir='ltr'>repetenda,</span> <span class='ocrx_word' id='word_1_104' title='bbox 994 1595 1048 1634; x_wconf 87' lang='lat' dir='ltr'>usu</span> <span class='ocrx_word' id='word_1_105' title='bbox 1064 1581 1196 1648; x_wconf 88' lang='lat' dir='ltr'>obtinuit;</span> <span class='ocrx_word' id='word_1_106' title='bbox 1212 1580 1247 1634; x_wconf 88' lang='lat' dir='ltr'>cl.</span> <span class='ocrx_word' id='word_1_107' title='bbox 1263 1579 1335 1634; x_wconf 89' lang='lat' dir='ltr'>Doe-</span> 
     </span>
     <span class='ocr_line' id='line_1_13' title="bbox 247 1663 1334 1737; baseline -0.003 -16"><span class='ocrx_word' id='word_1_108' title='bbox 247 1666 349 1721; x_wconf 89' lang='lat' dir='ltr'>derlin.</span> <span class='ocrx_word' id='word_1_109' title='bbox 368 1665 527 1737; x_wconf 78' lang='lat' dir='ltr'>Synonym.</span> <span class='ocrx_word' id='word_1_110' title='bbox 549 1665 608 1720; x_wconf 88' lang='lat' dir='ltr'>Lat.</span> <span class='ocrx_word' id='word_1_111' title='bbox 625 1666 691 1720; x_wconf 89' lang='lat' dir='ltr'>Vol.</span> <span class='ocrx_word' id='word_1_112' title='bbox 707 1665 756 1720; x_wconf 88' lang='lat' dir='ltr'>IV.</span> <span class='ocrx_word' id='word_1_113' title='bbox 771 1681 801 1736; x_wconf 92' lang='lat' dir='ltr'>p.</span> <span class='ocrx_word' id='word_1_114' title='bbox 823 1669 859 1723; x_wconf 75' lang='lat'>82</span> <span class='ocrx_word' id='word_1_115' title='bbox 874 1671 902 1720; x_wconf 86' lang='lat' dir='ltr'>ct</span> <span class='ocrx_word' id='word_1_116' title='bbox 924 1665 1049 1722; x_wconf 87' lang='lat' dir='ltr'>Gronov.</span> <span class='ocrx_word' id='word_1_117' title='bbox 1072 1679 1105 1720; x_wconf 88' lang='lat' dir='ltr'>ac</span> <span class='ocrx_word' id='word_1_118' title='bbox 1120 1663 1334 1720; x_wconf 80' lang='lat' dir='ltr'>Drakenborch.</span> 
     </span>
     <span class='ocr_line' id='line_1_14' title="bbox 247 1747 1334 1822; baseline -0.002 -17"><span class='ocrx_word' id='word_1_119' title='bbox 247 1750 284 1805; x_wconf 90' lang='lat' dir='ltr'>ad</span> <span class='ocrx_word' id='word_1_120' title='bbox 299 1749 361 1806; x_wconf 87' lang='lat' dir='ltr'>Liv.</span> <span class='ocrx_word' id='word_1_121' title='bbox 377 1749 397 1817; x_wconf 99' lang='grc' dir='ltr'>Ι,</span> <span class='ocrx_word' id='word_1_122' title='bbox 416 1752 462 1816; x_wconf 78' lang='grc'>31,</span> <span class='ocrx_word' id='word_1_123' title='bbox 477 1755 504 1806; x_wconf 80' lang='grc'>1.</span> <span class='ocrx_word' id='word_1_124' title='bbox 518 1751 564 1820; x_wconf 91' lang='lat' dir='ltr'>qui</span> <span class='ocrx_word' id='word_1_125' title='bbox 582 1750 669 1804; x_wconf 91' lang='lat' dir='ltr'>multa</span> <span class='ocrx_word' id='word_1_126' title='bbox 685 1750 1014 1821; x_wconf 67' lang='lat' dir='ltr'>exemplaeollegerunt.</span> <span class='ocrx_word' id='word_1_127' title='bbox 1059 1747 1168 1805; x_wconf 86' lang='lat' dir='ltr'>Sensus</span> <span class='ocrx_word' id='word_1_128' title='bbox 1186 1749 1334 1822; x_wconf 81' lang='lat' dir='ltr'>fragmenti</span> 
     </span>
     <span class='ocr_line' id='line_1_15' title="bbox 246 1834 1333 1911; baseline 0.002 -23"><span class='ocrx_word' id='word_1_129' title='bbox 246 1839 303 1888; x_wconf 87' lang='lat' dir='ltr'>est:</span> <span class='ocrx_word' id='word_1_130' title='bbox 320 1834 477 1911; x_wconf 86' lang='lat' dir='ltr'>Tantopcre</span> <span class='ocrx_word' id='word_1_131' title='bbox 493 1834 615 1896; x_wconf 89' lang='lat' dir='ltr'>maiores</span> <span class='ocrx_word' id='word_1_132' title='bbox 628 1837 816 1906; x_wconf 81' lang='lat' dir='ltr'>respexerunt</span> <span class='ocrx_word' id='word_1_133' title='bbox 828 1839 911 1904; x_wconf 88' lang='lat' dir='ltr'>atque</span> <span class='ocrx_word' id='word_1_134' title='bbox 927 1841 1058 1890; x_wconf 88' lang='lat' dir='ltr'>curarunt</span> <span class='ocrx_word' id='word_1_135' title='bbox 1073 1841 1185 1906; x_wconf 77' lang='lat' dir='ltr'>gentem</span> <span class='ocrx_word' id='word_1_136' title='bbox 1199 1835 1333 1890; x_wconf 77' lang='lat' dir='ltr'>Italicam.</span> 
     </span>
     <span class='ocr_line' id='line_1_16' title="bbox 246 1919 1333 1992; baseline 0.001 -19"><span class='ocrx_word' id='word_1_137' title='bbox 246 1919 329 1986; x_wconf 81' lang='lat' dir='ltr'>Quod</span> <span class='ocrx_word' id='word_1_138' title='bbox 345 1935 402 1974; x_wconf 90' lang='lat' dir='ltr'>non</span> <span class='ocrx_word' id='word_1_139' title='bbox 418 1924 566 1974; x_wconf 88' lang='lat' dir='ltr'>assecutus</span> <span class='ocrx_word' id='word_1_140' title='bbox 581 1919 678 1974; x_wconf 90' lang='lat' dir='ltr'>Douza</span> <span class='ocrx_word' id='word_1_141' title='bbox 693 1935 744 1990; x_wconf 91' lang='lat' dir='ltr'>pro</span> <span class='ocrx_word' id='word_1_142' title='bbox 763 1920 931 1992; x_wconf 75' lang='lat' dir='ltr'>oabpudutis</span> <span class='ocrx_word' id='word_1_143' title='bbox 952 1921 1072 1976; x_wconf 87' lang='lat' dir='ltr'>coniecit</span> <span class='ocrx_word' id='word_1_144' title='bbox 1093 1922 1255 1990; x_wconf 65' lang='lat' dir='ltr'>camelolis,</span> <span class='ocrx_word' id='word_1_145' title='bbox 1277 1920 1333 1974; x_wconf 82' lang='lat' dir='ltr'>De-</span> 
     </span>
     <span class='ocr_line' id='line_1_17' title="bbox 246 2003 1333 2077; baseline 0 -19"><span class='ocrx_word' id='word_1_146' title='bbox 246 2007 374 2060; x_wconf 84' lang='lat' dir='ltr'>brossius</span> <span class='ocrx_word' id='word_1_147' title='bbox 390 2021 459 2061; x_wconf 89' lang='lat' dir='ltr'>vero</span> <span class='ocrx_word' id='word_1_148' title='bbox 475 2005 635 2077; x_wconf 73' lang='lat' dir='ltr'>uepudmis,</span> <span class='ocrx_word' id='word_1_149' title='bbox 666 2010 813 2076; x_wconf 89' lang='lat' dir='ltr'>utrumque</span> <span class='ocrx_word' id='word_1_150' title='bbox 832 2005 930 2076; x_wconf 88' lang='lat' dir='ltr'>pingui</span> <span class='ocrx_word' id='word_1_151' title='bbox 955 2005 1093 2062; x_wconf 84' lang='lat' dir='ltr'>Minerva.</span> <span class='ocrx_word' id='word_1_152' title='bbox 1136 2003 1236 2076; x_wconf 83' lang='lat' dir='ltr'>Neque</span> <span class='ocrx_word' id='word_1_153' title='bbox 1258 2019 1333 2062; x_wconf 90' lang='lat' dir='ltr'>com-</span> 
     </span>
     <span class='ocr_line' id='line_1_18' title="bbox 245 2076 1333 2162; baseline -0.001 -19"><span class='ocrx_word' id='word_1_154' title='bbox 245 2089 395 2146; x_wconf 90' lang='lat' dir='ltr'>mendatur</span> <span class='ocrx_word' id='word_1_155' title='bbox 409 2090 543 2148; x_wconf 88' lang='lat' dir='ltr'>Gronovii</span> <span class='ocrx_word' id='word_1_156' title='bbox 560 2091 580 2144; x_wconf 93' lang='lat' dir='ltr'>l.</span> <span class='ocrx_word' id='word_1_157' title='bbox 597 2091 616 2144; x_wconf 91' lang='lat' dir='ltr'>l.</span> <span class='ocrx_word' id='word_1_158' title='bbox 636 2089 801 2162; x_wconf 79' lang='lat' dir='ltr'>explicatio,</span> <span class='ocrx_word' id='word_1_159' title='bbox 821 2089 868 2161; x_wconf 90' lang='lat' dir='ltr'>qui</span> <span class='ocrx_word' id='word_1_160' title='bbox 883 2085 1050 2162; x_wconf 69' lang='lat' dir='ltr'>figuram‘iu</span> <span class='ocrx_word' id='word_1_161' title='bbox 1061 2076 1112 2146; x_wconf 74' lang='lat' dir='ltr'>tric</span> <span class='ocrx_word' id='word_1_162' title='bbox 1124 2085 1213 2147; x_wconf 70' lang='grc' dir='ltr'><strong><em>δυοῖν</em></strong></span> <span class='ocrx_word' id='word_1_163' title='bbox 1225 2092 1254 2146; x_wconf 92' lang='lat' dir='ltr'>in</span> <span class='ocrx_word' id='word_1_164' title='bbox 1269 2105 1333 2146; x_wconf 85' lang='lat' dir='ltr'>ver·</span> 
     </span>
     <span class='ocr_line' id='line_1_19' title="bbox 244 2173 1333 2248; baseline -0.002 -18"><span class='ocrx_word' id='word_1_165' title='bbox 244 2175 287 2230; x_wconf 89' lang='lat' dir='ltr'>bis</span> <span class='ocrx_word' id='word_1_166' title='bbox 307 2191 469 2248; x_wconf 87' lang='lat' dir='ltr'>agnoscens</span> <span class='ocrx_word' id='word_1_167' title='bbox 486 2177 682 2246; x_wconf 88' lang='lat' dir='ltr'>interpretatur</span> <span class='ocrx_word' id='word_1_168' title='bbox 696 2179 801 2232; x_wconf 83' lang='lat' dir='ltr'>tentem</span> <span class='ocrx_word' id='word_1_169' title='bbox 812 2177 947 2247; x_wconf 70' lang='lat' dir='ltr'>²uatiquee</span> <span class='ocrx_word' id='word_1_170' title='bbox 961 2181 989 2230; x_wconf 88' lang='lat' dir='ltr'>et</span> <span class='ocrx_word' id='word_1_171' title='bbox 1000 2178 1112 2248; x_wconf 83' lang='lat' dir='ltr'>primae</span> <span class='ocrx_word' id='word_1_172' title='bbox 1124 2191 1220 2232; x_wconf 84' lang='lat' dir='ltr'>curae.</span> <span class='ocrx_word' id='word_1_173' title='bbox 1264 2173 1333 2230; x_wconf 88' lang='lat' dir='ltr'>Sen-</span> 
     </span>
     <span class='ocr_line' id='line_1_20' title="bbox 167 2259 1333 2336; baseline -0.001 -22"><span class='ocrx_word' id='word_1_174' title='bbox 167 2314 173 2330; x_wconf 66' lang='grc'>,</span> <span class='ocrx_word' id='word_1_175' title='bbox 244 2261 331 2316; x_wconf 89' lang='lat' dir='ltr'>tentia</span> <span class='ocrx_word' id='word_1_176' title='bbox 346 2269 444 2333; x_wconf 89' lang='lat' dir='ltr'>aperte</span> <span class='ocrx_word' id='word_1_177' title='bbox 460 2260 587 2336; x_wconf 77' lang='lat' dir='ltr'>declarat</span> <span class='ocrx_word' id='word_1_178' title='bbox 600 2259 766 2320; x_wconf 88' lang='lat' dir='ltr'>Sallustium</span> <span class='ocrx_word' id='word_1_179' title='bbox 780 2261 853 2317; x_wconf 90' lang='lat' dir='ltr'>haec</span> <span class='ocrx_word' id='word_1_180' title='bbox 869 2260 988 2329; x_wconf 80' lang='lat' dir='ltr'>dixisse,</span> <span class='ocrx_word' id='word_1_181' title='bbox 1011 2277 1096 2333; x_wconf 92' lang='lat' dir='ltr'>quum</span> <span class='ocrx_word' id='word_1_182' title='bbox 1113 2261 1148 2316; x_wconf 87' lang='lat' dir='ltr'>de</span> <span class='ocrx_word' id='word_1_183' title='bbox 1164 2259 1275 2318; x_wconf 78' lang='lat' dir='ltr'>caussis</span> <span class='ocrx_word' id='word_1_184' title='bbox 1293 2265 1333 2314; x_wconf 92' lang='lat' dir='ltr'>at-</span> 
     </span>
     <span class='ocr_line' id='line_1_21' title="bbox 244 2343 1333 2419; baseline 0 -19"><span class='ocrx_word' id='word_1_185' title='bbox 244 2363 298 2416; x_wconf 88' lang='lat' dir='ltr'>que</span> <span class='ocrx_word' id='word_1_186' title='bbox 322 2352 384 2401; x_wconf 88' lang='lat' dir='ltr'>ortu</span> <span class='ocrx_word' id='word_1_187' title='bbox 399 2347 465 2402; x_wconf 89' lang='lat' dir='ltr'>belli</span> <span class='ocrx_word' id='word_1_188' title='bbox 485 2347 572 2401; x_wconf 82' lang='lat' dir='ltr'>italici</span> <span class='ocrx_word' id='word_1_189' title='bbox 589 2347 651 2402; x_wconf 90' lang='lat' dir='ltr'>sive</span> <span class='ocrx_word' id='word_1_190' title='bbox 668 2347 783 2402; x_wconf 90' lang='lat' dir='ltr'>socialis</span> <span class='ocrx_word' id='word_1_191' title='bbox 805 2352 912 2418; x_wconf 84' lang='lat' dir='ltr'>ageret.</span> <span class='ocrx_word' id='word_1_192' title='bbox 957 2347 1036 2413; x_wconf 80' lang='lat' dir='ltr'>Quae</span> <span class='ocrx_word' id='word_1_193' title='bbox 1052 2363 1137 2419; x_wconf 91' lang='lat' dir='ltr'>quum</span> <span class='ocrx_word' id='word_1_194' title='bbox 1154 2363 1263 2402; x_wconf 87' lang='lat' dir='ltr'>summa</span> <span class='ocrx_word' id='word_1_195' title='bbox 1278 2343 1333 2400; x_wconf 88' lang='lat' dir='ltr'>Ro-</span> 
     </span>
     <span class='ocr_line' id='line_1_22' title="bbox 242 2429 1332 2503; baseline 0.001 -20"><span class='ocrx_word' id='word_1_196' title='bbox 242 2445 390 2485; x_wconf 87' lang='lat' dir='ltr'>manorum</span> <span class='ocrx_word' id='word_1_197' title='bbox 405 2431 551 2500; x_wconf 88' lang='lat' dir='ltr'>iniquitate</span> <span class='ocrx_word' id='word_1_198' title='bbox 568 2437 739 2497; x_wconf 83' lang='lat' dir='ltr'>constarent,</span> <span class='ocrx_word' id='word_1_199' title='bbox 755 2430 858 2485; x_wconf 82' lang='lat' dir='ltr'>ItaIIcis</span> <span class='ocrx_word' id='word_1_200' title='bbox 877 2433 997 2500; x_wconf 90' lang='lat' dir='ltr'>superbe</span> <span class='ocrx_word' id='word_1_201' title='bbox 1013 2432 1185 2503; x_wconf 88' lang='lat' dir='ltr'>negantium,</span> <span class='ocrx_word' id='word_1_202' title='bbox 1202 2429 1278 2502; x_wconf 90' lang='lat' dir='ltr'>quod</span> <span class='ocrx_word' id='word_1_203' title='bbox 1294 2431 1332 2485; x_wconf 87' lang='lat' dir='ltr'>illi</span> 
     </span>
     <span class='ocr_line' id='line_1_23' title="bbox 244 2514 1331 2585; baseline 0.001 -18"><span class='ocrx_word' id='word_1_204' title='bbox 244 2531 295 2568; x_wconf 90' lang='lat' dir='ltr'>suo</span> <span class='ocrx_word' id='word_1_205' title='bbox 314 2515 375 2569; x_wconf 87' lang='lat' dir='ltr'>iure</span> <span class='ocrx_word' id='word_1_206' title='bbox 395 2515 573 2585; x_wconf 90' lang='lat' dir='ltr'>postularent</span> <span class='ocrx_word' id='word_1_207' title='bbox 588 2515 631 2582; x_wconf 91' lang='lat' dir='ltr'>(v.</span> <span class='ocrx_word' id='word_1_208' title='bbox 647 2515 750 2570; x_wconf 89' lang='lat' dir='ltr'>Vellei.</span> <span class='ocrx_word' id='word_1_209' title='bbox 766 2514 798 2581; x_wconf 96' lang='lat' dir='ltr'>ll,</span> <span class='ocrx_word' id='word_1_210' title='bbox 823 2519 856 2571; x_wconf 79' lang='lat'>15</span> <span class='ocrx_word' id='word_1_211' title='bbox 872 2519 898 2581; x_wconf 75' lang='lat'>2,</span> <span class='ocrx_word' id='word_1_212' title='bbox 920 2515 994 2568; x_wconf 89' lang='lat' dir='ltr'>Flor.</span> <span class='ocrx_word' id='word_1_213' title='bbox 1011 2515 1063 2584; x_wconf 92' lang='lat' dir='ltr'>lll,</span> <span class='ocrx_word' id='word_1_214' title='bbox 1081 2516 1128 2583; x_wconf 82' lang='grc'>18,</span> <span class='ocrx_word' id='word_1_215' title='bbox 1149 2515 1201 2584; x_wconf 60' lang='lat' dir='ltr'>a),</span> <span class='ocrx_word' id='word_1_216' title='bbox 1225 2522 1331 2584; x_wconf 77' lang='lat' dir='ltr'>auctor,</span> 
     </span>
     <span class='ocr_line' id='line_1_24' title="bbox 244 2598 1331 2672; baseline 0.001 -19"><span class='ocrx_word' id='word_1_217' title='bbox 244 2615 298 2669; x_wconf 91' lang='lat' dir='ltr'>quo</span> <span class='ocrx_word' id='word_1_218' title='bbox 324 2599 417 2672; x_wconf 88' lang='lat' dir='ltr'>magis</span> <span class='ocrx_word' id='word_1_219' title='bbox 441 2598 514 2655; x_wconf 90' lang='lat' dir='ltr'>haec</span> <span class='ocrx_word' id='word_1_220' title='bbox 543 2599 676 2670; x_wconf 85' lang='lat' dir='ltr'>iniquitas</span> <span class='ocrx_word' id='word_1_221' title='bbox 703 2603 830 2672; x_wconf 86' lang='lat' dir='ltr'>pateret,</span> <span class='ocrx_word' id='word_1_222' title='bbox 861 2614 924 2654; x_wconf 90' lang='lat' dir='ltr'>cum</span> <span class='ocrx_word' id='word_1_223' title='bbox 947 2599 1086 2658; x_wconf 88' lang='lat' dir='ltr'>maiorum</span> <span class='ocrx_word' id='word_1_224' title='bbox 1108 2600 1248 2670; x_wconf 90' lang='lat' dir='ltr'>aequitate</span> <span class='ocrx_word' id='word_1_225' title='bbox 1269 2615 1331 2667; x_wconf 81' lang='lat' dir='ltr'>eam</span> 
     </span>
     <span class='ocr_line' id='line_1_25' title="bbox 243 2682 1331 2756; baseline 0 -18"><span class='ocrx_word' id='word_1_226' title='bbox 243 2685 430 2756; x_wconf 85' lang='lat' dir='ltr'>comparavit.</span> <span class='ocrx_word' id='word_1_227' title='bbox 475 2682 620 2740; x_wconf 90' lang='lat' dir='ltr'>Putandus</span> <span class='ocrx_word' id='word_1_228' title='bbox 651 2691 694 2740; x_wconf 89' lang='lat' dir='ltr'>est</span> <span class='ocrx_word' id='word_1_229' title='bbox 723 2685 806 2756; x_wconf 90' lang='lat' dir='ltr'>igitur</span> <span class='ocrx_word' id='word_1_230' title='bbox 837 2684 941 2752; x_wconf 83' lang='lat' dir='ltr'>iniis,</span> <span class='ocrx_word' id='word_1_231' title='bbox 970 2699 1044 2756; x_wconf 87' lang='lat' dir='ltr'>qnae</span> <span class='ocrx_word' id='word_1_232' title='bbox 1068 2685 1122 2740; x_wconf 90' lang='lat' dir='ltr'>hoc</span> <span class='ocrx_word' id='word_1_233' title='bbox 1143 2685 1331 2756; x_wconf 76' lang='lat' dir='ltr'>fragmentum</span> 
     </span>
     <span class='ocr_line' id='line_1_26' title="bbox 241 2768 1331 2842; baseline -0.001 -18"><span class='ocrx_word' id='word_1_234' title='bbox 241 2776 477 2840; x_wconf 87' lang='lat' dir='ltr'>praecesserunt,</span> <span class='ocrx_word' id='word_1_235' title='bbox 502 2775 604 2826; x_wconf 88' lang='lat' dir='ltr'>cuncta</span> <span class='ocrx_word' id='word_1_236' title='bbox 628 2770 818 2826; x_wconf 89' lang='lat' dir='ltr'>Romanorum</span> <span class='ocrx_word' id='word_1_237' title='bbox 843 2769 968 2826; x_wconf 88' lang='lat' dir='ltr'>instituta</span> <span class='ocrx_word' id='word_1_238' title='bbox 988 2775 1071 2842; x_wconf 86' lang='lat' dir='ltr'>atque</span> <span class='ocrx_word' id='word_1_239' title='bbox 1088 2771 1168 2842; x_wconf 88' lang='lat' dir='ltr'>leges</span> <span class='ocrx_word' id='word_1_240' title='bbox 1186 2768 1221 2824; x_wconf 89' lang='lat' dir='ltr'>de</span> <span class='ocrx_word' id='word_1_241' title='bbox 1245 2770 1331 2825; x_wconf 88' lang='lat' dir='ltr'>sociis</span> 
     </span>
     <span class='ocr_line' id='line_1_27' title="bbox 241 2855 1331 2938; baseline 0.001 -30"><span class='ocrx_word' id='word_1_242' title='bbox 241 2855 331 2912; x_wconf 87' lang='lat' dir='ltr'>Italici</span> <span class='ocrx_word' id='word_1_243' title='bbox 355 2855 477 2938; x_wconf 64' lang='lat' dir='ltr'>nominis</span> <span class='ocrx_word' id='word_1_244' title='bbox 493 2855 638 2927; x_wconf 87' lang='lat' dir='ltr'>tetigisse,</span> <span class='ocrx_word' id='word_1_245' title='bbox 665 2855 765 2926; x_wconf 89' lang='lat' dir='ltr'>quibus</span> <span class='ocrx_word' id='word_1_246' title='bbox 788 2861 917 2912; x_wconf 85' lang='lat' dir='ltr'>sanctum</span> <span class='ocrx_word' id='word_1_247' title='bbox 932 2856 999 2924; x_wconf 89' lang='lat' dir='ltr'>tuit,</span> <span class='ocrx_word' id='word_1_248' title='bbox 1023 2862 1054 2911; x_wconf 86' lang='lat' dir='ltr'>ut</span> <span class='ocrx_word' id='word_1_249' title='bbox 1068 2856 1116 2913; x_wconf 89' lang='lat' dir='ltr'>alii</span> <span class='ocrx_word' id='word_1_250' title='bbox 1130 2871 1231 2912; x_wconf 91' lang='lat' dir='ltr'>revera</span> <span class='ocrx_word' id='word_1_251' title='bbox 1244 2856 1331 2927; x_wconf 88' lang='lat' dir='ltr'>plena</span> 
     </span>
     <span class='ocr_line' id='line_1_28' title="bbox 242 2939 1331 3013; baseline -0.002 -17"><span class='ocrx_word' id='word_1_252' title='bbox 242 2941 356 3000; x_wconf 89' lang='lat' dir='ltr'>civitate</span> <span class='ocrx_word' id='word_1_253' title='bbox 390 2957 453 2996; x_wconf 89' lang='lat' dir='ltr'>cum</span> <span class='ocrx_word' id='word_1_254' title='bbox 478 2939 615 3013; x_wconf 78' lang='lat' dir='ltr'>suffragio</span> <span class='ocrx_word' id='word_1_255' title='bbox 645 2941 834 3010; x_wconf 87' lang='lat' dir='ltr'>donarentur,</span> <span class='ocrx_word' id='word_1_256' title='bbox 865 2942 930 2998; x_wconf 86' lang='lat' dir='ltr'>aliis</span> <span class='ocrx_word' id='word_1_257' title='bbox 954 2947 1031 2998; x_wconf 87' lang='lat' dir='ltr'>certe</span> <span class='ocrx_word' id='word_1_258' title='bbox 1061 2941 1153 2999; x_wconf 84' lang='lat' dir='ltr'>aditus</span> <span class='ocrx_word' id='word_1_259' title='bbox 1175 2941 1212 2997; x_wconf 88' lang='lat' dir='ltr'>ad</span> <span class='ocrx_word' id='word_1_260' title='bbox 1233 2942 1331 2997; x_wconf 88' lang='lat' dir='ltr'>eivita-</span> 
     </span>
     <span class='ocr_line' id='line_1_29' title="bbox 241 3025 1331 3102; baseline -0.005 -20"><span class='ocrx_word' id='word_1_261' title='bbox 241 3034 297 3085; x_wconf 90' lang='lat' dir='ltr'>tem</span> <span class='ocrx_word' id='word_1_262' title='bbox 327 3027 438 3089; x_wconf 87' lang='lat' dir='ltr'>lacilins</span> <span class='ocrx_word' id='word_1_263' title='bbox 468 3033 595 3102; x_wconf 86' lang='lat' dir='ltr'>pateret;</span> <span class='ocrx_word' id='word_1_264' title='bbox 627 3043 699 3099; x_wconf 90' lang='lat' dir='ltr'>quae</span> <span class='ocrx_word' id='word_1_265' title='bbox 720 3029 873 3084; x_wconf 83' lang='lat' dir='ltr'>maximam</span> <span class='ocrx_word' id='word_1_266' title='bbox 894 3033 1003 3100; x_wconf 84' lang='lat' dir='ltr'>partem</span> <span class='ocrx_word' id='word_1_267' title='bbox 1018 3030 1108 3084; x_wconf 86' lang='lat' dir='ltr'>verba</span> <span class='ocrx_word' id='word_1_268' title='bbox 1129 3032 1194 3082; x_wconf 87' lang='lat' dir='ltr'>sunt</span> <span class='ocrx_word' id='word_1_269' title='bbox 1216 3025 1331 3082; x_wconf 84' lang='lat' dir='ltr'>Linkerl</span> 
     </span>
     <span class='ocr_line' id='line_1_30' title="bbox 241 3111 1330 3183; baseline -0.005 -14"><span class='ocrx_word' id='word_1_270' title='bbox 241 3114 395 3171; x_wconf 88' lang='lat' dir='ltr'>acutissimi</span> <span class='ocrx_word' id='word_1_271' title='bbox 425 3112 460 3169; x_wconf 91' lang='lat' dir='ltr'>de</span> <span class='ocrx_word' id='word_1_272' title='bbox 483 3112 551 3171; x_wconf 88' lang='lat' dir='ltr'>Sall.</span> <span class='ocrx_word' id='word_1_273' title='bbox 573 3113 692 3168; x_wconf 87' lang='lat' dir='ltr'>Historr.</span> <span class='ocrx_word' id='word_1_274' title='bbox 714 3114 835 3169; x_wconf 87' lang='lat' dir='ltr'>Prooem</span> <span class='ocrx_word' id='word_1_275' title='bbox 857 3127 886 3183; x_wconf 85' lang='lat' dir='ltr'>p.</span> <span class='ocrx_word' id='word_1_276' title='bbox 911 3115 954 3170; x_wconf 86' lang='lat'>57.</span> <span class='ocrx_word' id='word_1_277' title='bbox 978 3111 1160 3178; x_wconf 88' lang='lat' dir='ltr'>Gerlachius,</span> <span class='ocrx_word' id='word_1_278' title='bbox 1185 3113 1230 3166; x_wconf 90' lang='lat' dir='ltr'>cui</span> <span class='ocrx_word' id='word_1_279' title='bbox 1247 3111 1330 3165; x_wconf 89' lang='lat' dir='ltr'>etiam</span> 
     </span>
     <span class='ocr_line' id='line_1_31' title="bbox 240 3193 1330 3270; baseline -0.008 -15"><span class='ocrx_word' id='word_1_280' title='bbox 240 3202 444 3258; x_wconf 88' lang='lat' dir='ltr'>obscurissima</span> <span class='ocrx_word' id='word_1_281' title='bbox 472 3201 630 3270; x_wconf 84' lang='lat' dir='ltr'>fragmenta</span> <span class='ocrx_word' id='word_1_282' title='bbox 660 3199 826 3268; x_wconf 85' lang='lat' dir='ltr'>plerumque</span> <span class='ocrx_word' id='word_1_283' title='bbox 853 3196 917 3248; x_wconf 88' lang='lat' dir='ltr'>luce</span> <span class='ocrx_word' id='word_1_284' title='bbox 946 3199 1011 3248; x_wconf 88' lang='lat' dir='ltr'>sunt</span> <span class='ocrx_word' id='word_1_285' title='bbox 1035 3195 1170 3262; x_wconf 87' lang='lat' dir='ltr'>clariora,</span> <span class='ocrx_word' id='word_1_286' title='bbox 1199 3195 1264 3248; x_wconf 89' lang='lat' dir='ltr'>Vol.</span> <span class='ocrx_word' id='word_1_287' title='bbox 1284 3193 1330 3246; x_wconf 88' lang='lat' dir='ltr'>Ill.</span> 
     </span>
     <span class='ocr_line' id='line_1_32' title="bbox 236 3274 1328 3355; baseline -0.008 -13"><span class='ocrx_word' id='word_1_288' title='bbox 236 3274 268 3355; x_wconf 74' lang='lat' dir='ltr'>&#39;p.</span> <span class='ocrx_word' id='word_1_289' title='bbox 287 3289 347 3342; x_wconf 79' lang='grc'><strong>116.</strong></span> <span class='ocrx_word' id='word_1_290' title='bbox 395 3285 529 3352; x_wconf 79' lang='lat' dir='ltr'>„Quem,</span> <span class='ocrx_word' id='word_1_291' title='bbox 560 3282 664 3351; x_wconf 88' lang='lat' dir='ltr'>inquit,</span> <span class='ocrx_word' id='word_1_292' title='bbox 693 3279 759 3335; x_wconf 89' lang='lat' dir='ltr'>huic</span> <span class='ocrx_word' id='word_1_293' title='bbox 776 3282 933 3350; x_wconf 80' lang='lat' dir='ltr'>fragmento</span> <span class='ocrx_word' id='word_1_294' title='bbox 949 3278 1043 3334; x_wconf 91' lang='lat' dir='ltr'>locum</span> <span class='ocrx_word' id='word_1_295' title='bbox 1059 3280 1204 3350; x_wconf 82' lang='lat' dir='ltr'>assignem</span> <span class='ocrx_word' id='word_1_296' title='bbox 1220 3278 1328 3333; x_wconf 86' lang='lat' dir='ltr'>nescio.</span> 
     </span>
     <span class='ocr_line' id='line_1_33' title="bbox 238 3363 1329 3438; baseline -0.001 -18"><span class='ocrx_word' id='word_1_297' title='bbox 238 3369 329 3438; x_wconf 89' lang='lat' dir='ltr'>potuit</span> <span class='ocrx_word' id='word_1_298' title='bbox 354 3367 569 3421; x_wconf 89' lang='lat' dir='ltr'>commemorari</span> <span class='ocrx_word' id='word_1_299' title='bbox 592 3365 620 3420; x_wconf 93' lang='lat' dir='ltr'>in</span> <span class='ocrx_word' id='word_1_300' title='bbox 643 3366 755 3420; x_wconf 91' lang='lat' dir='ltr'>caussis</span> <span class='ocrx_word' id='word_1_301' title='bbox 777 3363 843 3420; x_wconf 86' lang='lat' dir='ltr'>belli</span> <span class='ocrx_word' id='word_1_302' title='bbox 869 3363 962 3419; x_wconf 89' lang='lat' dir='ltr'>civilis</span> <span class='ocrx_word' id='word_1_303' title='bbox 984 3363 1167 3438; x_wconf 86' lang='lat' dir='ltr'>enarrandis,</span> <span class='ocrx_word' id='word_1_304' title='bbox 1202 3364 1248 3420; x_wconf 90' lang='lat' dir='ltr'>ubi</span> <span class='ocrx_word' id='word_1_305' title='bbox 1267 3363 1329 3420; x_wconf 88' lang='lat' dir='ltr'>eius</span> 
     </span>
     <span class='ocr_line' id='line_1_34' title="bbox 239 3443 1327 3524; baseline 0 -20"><span class='ocrx_word' id='word_1_306' title='bbox 239 3453 375 3524; x_wconf 91' lang='lat' dir='ltr'>temporis</span> <span class='ocrx_word' id='word_1_307' title='bbox 390 3443 608 3524; x_wconf 86' lang='lat' dir='ltr'>perversitatem</span> <span class='ocrx_word' id='word_1_308' title='bbox 625 3466 689 3505; x_wconf 90' lang='lat' dir='ltr'>cum</span> <span class='ocrx_word' id='word_1_309' title='bbox 701 3451 817 3520; x_wconf 75' lang='lat' dir='ltr'>prr&#39;seue</span> <span class='ocrx_word' id='word_1_310' title='bbox 835 3450 933 3504; x_wconf 81' lang='lat' dir='ltr'>uctutr&#39;s</span> <span class='ocrx_word' id='word_1_311' title='bbox 949 3449 1103 3507; x_wconf 80' lang='lat' dir='ltr'>innocentie</span> <span class='ocrx_word' id='word_1_312' title='bbox 1115 3451 1327 3522; x_wconf 86' lang='lat' dir='ltr'>comparabat.“</span> 
     </span>
    </p>

    <p class='ocr_par' dir='ltr' id='par_1_6' title="bbox 238 3533 1329 3950">
     <span class='ocr_line' id='line_1_35' title="bbox 323 3533 1327 3608; baseline -0.003 -16"><span class='ocrx_word' id='word_1_313' title='bbox 323 3537 370 3592; x_wconf 86' lang='lat' dir='ltr'>Fr.</span> <span class='ocrx_word' id='word_1_314' title='bbox 385 3541 429 3596; x_wconf 82' lang='lat' dir='ltr'>te.</span> <span class='ocrx_word' id='word_1_315' title='bbox 455 3535 554 3606; x_wconf 88' lang='lat' dir='ltr'>[Deest</span> <span class='ocrx_word' id='word_1_316' title='bbox 570 3535 646 3608; x_wconf 89' lang='lat' dir='ltr'>apud</span> <span class='ocrx_word' id='word_1_317' title='bbox 661 3533 734 3590; x_wconf 81' lang='lat' dir='ltr'>Cort.</span> <span class='ocrx_word' id='word_1_318' title='bbox 751 3540 778 3588; x_wconf 92' lang='lat' dir='ltr'>et</span> <span class='ocrx_word' id='word_1_319' title='bbox 792 3534 878 3602; x_wconf 84' lang='lat' dir='ltr'>De&#39;br.</span> <span class='ocrx_word' id='word_1_320' title='bbox 899 3564 942 3574; x_wconf 88' lang='lat'><em>-</em></span> <span class='ocrx_word' id='word_1_321' title='bbox 957 3534 1031 3592; x_wconf 88' lang='lat' dir='ltr'>Gerl.</span> <span class='ocrx_word' id='word_1_322' title='bbox 1052 3537 1099 3593; x_wconf 88' lang='lat' dir='ltr'>ed.</span> <span class='ocrx_word' id='word_1_323' title='bbox 1116 3537 1184 3592; x_wconf 83' lang='lat' dir='ltr'>nial.</span> <span class='ocrx_word' id='word_1_324' title='bbox 1199 3537 1265 3591; x_wconf 85' lang='lat' dir='ltr'>Vol.</span> <span class='ocrx_word' id='word_1_325' title='bbox 1281 3535 1327 3590; x_wconf 90' lang='lat' dir='ltr'>lll.</span> 
     </span>
     <span class='ocr_line' id='line_1_36' title="bbox 238 3621 1329 3695; baseline -0.004 -15"><span class='ocrx_word' id='word_1_326' title='bbox 238 3637 267 3695; x_wconf 91' lang='lat' dir='ltr'>p.</span> <span class='ocrx_word' id='word_1_327' title='bbox 286 3625 348 3682; x_wconf 82' lang='grc'><strong>146.</strong></span> <span class='ocrx_word' id='word_1_328' title='bbox 364 3625 466 3680; x_wconf 64' lang='grc'><strong>11132.</strong></span> <span class='ocrx_word' id='word_1_329' title='bbox 484 3621 531 3676; x_wconf 89' lang='lat' dir='ltr'>ed.</span> <span class='ocrx_word' id='word_1_330' title='bbox 549 3621 616 3676; x_wconf 90' lang='lat' dir='ltr'>min.</span> <span class='ocrx_word' id='word_1_331' title='bbox 632 3621 651 3689; x_wconf 98' lang='lat' dir='ltr'>l,</span> <span class='ocrx_word' id='word_1_332' title='bbox 669 3623 713 3678; x_wconf 76' lang='grc'>15.</span> <span class='ocrx_word' id='word_1_333' title='bbox 726 3634 755 3691; x_wconf 81' lang='lat' dir='ltr'>p·</span> <span class='ocrx_word' id='word_1_334' title='bbox 773 3623 832 3688; x_wconf 76' lang='lat'>184,</span> <span class='ocrx_word' id='word_1_335' title='bbox 851 3621 908 3690; x_wconf 86' lang='grc'><strong>18.]</strong></span> <span class='ocrx_word' id='word_1_336' title='bbox 933 3622 1028 3678; x_wconf 84' lang='lat' dir='ltr'>Verba</span> <span class='ocrx_word' id='word_1_337' title='bbox 1043 3623 1104 3678; x_wconf 91' lang='lat' dir='ltr'>sine</span> <span class='ocrx_word' id='word_1_338' title='bbox 1121 3623 1183 3679; x_wconf 89' lang='lat' dir='ltr'>libri</span> <span class='ocrx_word' id='word_1_339' title='bbox 1200 3628 1266 3677; x_wconf 90' lang='lat' dir='ltr'>nota</span> <span class='ocrx_word' id='word_1_340' title='bbox 1281 3637 1329 3676; x_wconf 83' lang='lat' dir='ltr'>ex·</span> 
     </span>
     <span class='ocr_line' id='line_1_37' title="bbox 241 3703 1325 3780; baseline -0.005 -17"><span class='ocrx_word' id='word_1_341' title='bbox 241 3712 315 3764; x_wconf 87' lang='lat' dir='ltr'>stant</span> <span class='ocrx_word' id='word_1_342' title='bbox 331 3705 407 3780; x_wconf 88' lang='lat' dir='ltr'>apud</span> <span class='ocrx_word' id='word_1_343' title='bbox 425 3706 520 3764; x_wconf 89' lang='lat' dir='ltr'>Schol.</span> <span class='ocrx_word' id='word_1_344' title='bbox 537 3705 575 3761; x_wconf 90' lang='lat' dir='ltr'>ad</span> <span class='ocrx_word' id='word_1_345' title='bbox 591 3705 696 3761; x_wconf 88' lang='lat' dir='ltr'>Lucan.</span> <span class='ocrx_word' id='word_1_346' title='bbox 712 3703 812 3761; x_wconf 79' lang='lat' dir='ltr'>Phars.</span> <span class='ocrx_word' id='word_1_347' title='bbox 826 3705 876 3774; x_wconf 92' lang='grc' dir='ltr'>ΙΙΙ,</span> <span class='ocrx_word' id='word_1_348' title='bbox 896 3709 960 3766; x_wconf 74' lang='lat'><strong>632.</strong></span> <span class='ocrx_word' id='word_1_349' title='bbox 1003 3707 1081 3763; x_wconf 82' lang='lat' dir='ltr'>Idem</span> <span class='ocrx_word' id='word_1_350' title='bbox 1098 3725 1131 3764; x_wconf 80' lang='lat' dir='ltr'>ea</span> <span class='ocrx_word' id='word_1_351' title='bbox 1149 3708 1186 3762; x_wconf 77' lang='lat' dir='ltr'>ad</span> <span class='ocrx_word' id='word_1_352' title='bbox 1200 3708 1248 3775; x_wconf 86' lang='lat' dir='ltr'>Vl,</span> <span class='ocrx_word' id='word_1_353' title='bbox 1264 3708 1325 3764; x_wconf 77' lang='lat'><strong>348.</strong></span> 
     </span>
     <span class='ocr_line' id='line_1_38' title="bbox 240 3789 1328 3865; baseline -0.005 -17"><span class='ocrx_word' id='word_1_354' title='bbox 240 3790 282 3848; x_wconf 91' lang='lat' dir='ltr'>sie</span> <span class='ocrx_word' id='word_1_355' title='bbox 298 3792 395 3850; x_wconf 82' lang='lat' dir='ltr'>affer-t:</span> <span class='ocrx_word' id='word_1_356' title='bbox 408 3805 412 3810; x_wconf 76' lang='grc'><strong><em>’</em></strong></span> <span class='ocrx_word' id='word_1_357' title='bbox 425 3797 507 3865; x_wconf 83' lang='lat' dir='ltr'>etque</span> <span class='ocrx_word' id='word_1_358' title='bbox 525 3791 612 3847; x_wconf 71' lang='lat' dir='ltr'>amab</span> <span class='ocrx_word' id='word_1_359' title='bbox 628 3789 712 3847; x_wconf 79' lang='lat' dir='ltr'>Italia</span> <span class='ocrx_word' id='word_1_360' title='bbox 729 3791 903 3846; x_wconf 82' lang='lat' dir='ltr'>discessit</span> <span class='ocrx_word' id='word_1_361' title='bbox 921 3795 1066 3864; x_wconf 78' lang='lat' dir='ltr'>animis,</span> <span class='ocrx_word' id='word_1_362' title='bbox 1093 3809 1167 3865; x_wconf 88' lang='lat' dir='ltr'>quae</span> <span class='ocrx_word' id='word_1_363' title='bbox 1183 3793 1256 3850; x_wconf 82' lang='lat' dir='ltr'>levis</span> <span class='ocrx_word' id='word_1_364' title='bbox 1270 3789 1328 3844; x_wconf 91' lang='lat' dir='ltr'>dis·</span> 
     </span>
     <span class='ocr_line' id='line_1_39' title="bbox 239 3874 1326 3950; baseline -0.003 -18"><span class='ocrx_word' id='word_1_365' title='bbox 239 3880 386 3950; x_wconf 89' lang='lat' dir='ltr'>crepantia</span> <span class='ocrx_word' id='word_1_366' title='bbox 406 3877 560 3934; x_wconf 87' lang='lat' dir='ltr'>memoriae</span> <span class='ocrx_word' id='word_1_367' title='bbox 576 3879 659 3948; x_wconf 90' lang='lat' dir='ltr'>lapsu</span> <span class='ocrx_word' id='word_1_368' title='bbox 677 3875 774 3932; x_wconf 89' lang='lat' dir='ltr'>deberi</span> <span class='ocrx_word' id='word_1_369' title='bbox 792 3876 915 3932; x_wconf 88' lang='lat' dir='ltr'>videtur.</span> <span class='ocrx_word' id='word_1_370' title='bbox 959 3877 1109 3935; x_wconf 79' lang='lat' dir='ltr'>Discedere</span> <span class='ocrx_word' id='word_1_371' title='bbox 1128 3895 1213 3950; x_wconf 90' lang='lat' dir='ltr'>quum</span> <span class='ocrx_word' id='word_1_372' title='bbox 1232 3874 1326 3936; x_wconf 87' lang='lat' dir='ltr'>Schol.</span> 
     </span>
    </p>
   </div>
   <div class='ocr_carea' id='block_1_6' title="bbox 239 3961 1409 4036">
    <p class='ocr_par' dir='ltr' id='par_1_7' title="bbox 239 3961 1409 4036">
     <span class='ocr_line' id='line_1_40' title="bbox 239 3961 1409 4036; baseline -0.003 -18"><span class='ocrx_word' id='word_1_373' title='bbox 239 3965 267 4018; x_wconf 92' lang='lat' dir='ltr'>ll.</span> <span class='ocrx_word' id='word_1_374' title='bbox 284 3965 313 4018; x_wconf 93' lang='lat' dir='ltr'>ll.</span> <span class='ocrx_word' id='word_1_375' title='bbox 331 3965 452 4036; x_wconf 87' lang='lat' dir='ltr'>explicet</span> <span class='ocrx_word' id='word_1_376' title='bbox 473 3962 564 4035; x_wconf 79' lang='lat' dir='ltr'>dividi,</span> <span class='ocrx_word' id='word_1_377' title='bbox 581 3964 732 4035; x_wconf 76' lang='lat' dir='ltr'>separari,</span> <span class='ocrx_word' id='word_1_378' title='bbox 750 3978 852 4018; x_wconf 88' lang='lat' dir='ltr'>sensns</span> <span class='ocrx_word' id='word_1_379' title='bbox 867 3965 1018 4020; x_wconf 89' lang='lat' dir='ltr'>verborum</span> <span class='ocrx_word' id='word_1_380' title='bbox 1034 3969 1093 4019; x_wconf 91' lang='lat' dir='ltr'>est:</span> <span class='ocrx_word' id='word_1_381' title='bbox 1116 3979 1215 4020; x_wconf 89' lang='lat' dir='ltr'>omnes</span> <span class='ocrx_word' id='word_1_382' title='bbox 1231 3961 1326 4017; x_wconf 88' lang='lat' dir='ltr'>ltaliae</span> <span class='ocrx_word' id='word_1_383' title='bbox 1399 4001 1409 4008; x_wconf 81' lang='grc'><strong>..</strong></span> 
     </span>
    </p>
   </div>
   <div class='ocr_carea' id='block_1_7' title="bbox 238 4047 1327 4382">
    <p class='ocr_par' dir='ltr' id='par_1_8' title="bbox 238 4047 1327 4382">
     <span class='ocr_line' id='line_1_41' title="bbox 238 4047 1325 4122; baseline -0.005 -17"><span class='ocrx_word' id='word_1_384' title='bbox 238 4050 336 4122; x_wconf 91' lang='lat' dir='ltr'>populi</span> <span class='ocrx_word' id='word_1_385' title='bbox 353 4065 463 4105; x_wconf 91' lang='lat' dir='ltr'>summa</span> <span class='ocrx_word' id='word_1_386' title='bbox 484 4049 642 4104; x_wconf 90' lang='lat' dir='ltr'>animorum</span> <span class='ocrx_word' id='word_1_387' title='bbox 663 4047 850 4104; x_wconf 91' lang='lat' dir='ltr'>commotione</span> <span class='ocrx_word' id='word_1_388' title='bbox 875 4049 904 4102; x_wconf 91' lang='lat' dir='ltr'>in</span> <span class='ocrx_word' id='word_1_389' title='bbox 921 4047 1051 4104; x_wconf 90' lang='lat' dir='ltr'>diversas</span> <span class='ocrx_word' id='word_1_390' title='bbox 1073 4056 1167 4122; x_wconf 90' lang='lat' dir='ltr'>partes</span> <span class='ocrx_word' id='word_1_391' title='bbox 1189 4049 1325 4114; x_wconf 89' lang='lat' dir='ltr'>abierunt,</span> 
     </span>
     <span class='ocr_line' id='line_1_42' title="bbox 241 4133 1327 4206; baseline -0.005 -16"><span class='ocrx_word' id='word_1_392' title='bbox 241 4150 293 4190; x_wconf 90' lang='lat' dir='ltr'>seu</span> <span class='ocrx_word' id='word_1_393' title='bbox 316 4135 446 4192; x_wconf 88' lang='lat' dir='ltr'>diversas</span> <span class='ocrx_word' id='word_1_394' title='bbox 471 4135 500 4190; x_wconf 95' lang='lat' dir='ltr'>in</span> <span class='ocrx_word' id='word_1_395' title='bbox 525 4136 610 4192; x_wconf 88' lang='lat' dir='ltr'>armis</span> <span class='ocrx_word' id='word_1_396' title='bbox 631 4133 761 4190; x_wconf 90' lang='lat' dir='ltr'>civilibus</span> <span class='ocrx_word' id='word_1_397' title='bbox 783 4139 877 4206; x_wconf 88' lang='lat' dir='ltr'>partes</span> <span class='ocrx_word' id='word_1_398' title='bbox 902 4135 990 4190; x_wconf 89' lang='lat' dir='ltr'>secuti</span> <span class='ocrx_word' id='word_1_399' title='bbox 1018 4140 1091 4191; x_wconf 88' lang='lat' dir='ltr'>sunt.</span> <span class='ocrx_word' id='word_1_400' title='bbox 1136 4134 1219 4202; x_wconf 81' lang='lat' dir='ltr'>Quod</span> <span class='ocrx_word' id='word_1_401' title='bbox 1241 4147 1327 4202; x_wconf 89' lang='lat' dir='ltr'>quum</span> 
     </span>
     <span class='ocr_line' id='line_1_43' title="bbox 240 4215 1325 4294; baseline -0.006 -18"><span class='ocrx_word' id='word_1_402' title='bbox 240 4217 313 4276; x_wconf 90' lang='lat' dir='ltr'>bello</span> <span class='ocrx_word' id='word_1_403' title='bbox 329 4222 428 4278; x_wconf 82' lang='lat' dir='ltr'>sociali</span> <span class='ocrx_word' id='word_1_404' title='bbox 446 4223 550 4294; x_wconf 84' lang='lat' dir='ltr'>lactum</span> <span class='ocrx_word' id='word_1_405' title='bbox 566 4222 615 4290; x_wconf 91' lang='lat' dir='ltr'>sit,</span> <span class='ocrx_word' id='word_1_406' title='bbox 633 4221 762 4277; x_wconf 90' lang='lat' dir='ltr'>omnibus</span> <span class='ocrx_word' id='word_1_407' title='bbox 779 4221 837 4275; x_wconf 92' lang='lat' dir='ltr'>lere</span> <span class='ocrx_word' id='word_1_408' title='bbox 850 4219 955 4275; x_wconf 87' lang='lat' dir='ltr'>Italicis</span> <span class='ocrx_word' id='word_1_409' title='bbox 974 4219 1191 4276; x_wconf 89' lang='lat' dir='ltr'>aRomanorum</span> <span class='ocrx_word' id='word_1_410' title='bbox 1206 4215 1325 4289; x_wconf 85' lang='lat' dir='ltr'>imperio</span> 
     </span>
     <span class='ocr_line' id='line_1_44' title="bbox 240 4303 1325 4382; baseline -0.002 -20"><span class='ocrx_word' id='word_1_411' title='bbox 240 4307 472 4377; x_wconf 88' lang='lat' dir='ltr'>desciscentibus,</span> <span class='ocrx_word' id='word_1_412' title='bbox 489 4313 538 4368; x_wconf 86' lang='lat' dir='ltr'>vix</span> <span class='ocrx_word' id='word_1_413' title='bbox 550 4307 670 4366; x_wconf 88' lang='lat' dir='ltr'>dubitari</span> <span class='ocrx_word' id='word_1_414' title='bbox 687 4313 789 4382; x_wconf 88' lang='lat' dir='ltr'>potest,</span> <span class='ocrx_word' id='word_1_415' title='bbox 807 4309 873 4378; x_wconf 87' lang='lat' dir='ltr'>quin</span> <span class='ocrx_word' id='word_1_416' title='bbox 889 4305 960 4362; x_wconf 88' lang='lat' dir='ltr'>haec</span> <span class='ocrx_word' id='word_1_417' title='bbox 972 4307 1059 4362; x_wconf 88' lang='lat' dir='ltr'>verba</span> <span class='ocrx_word' id='word_1_418' title='bbox 1076 4305 1112 4362; x_wconf 87' lang='lat' dir='ltr'>ibi</span> <span class='ocrx_word' id='word_1_419' title='bbox 1129 4305 1201 4362; x_wconf 89' lang='lat' dir='ltr'>lecta</span> <span class='ocrx_word' id='word_1_420' title='bbox 1215 4303 1325 4379; x_wconf 88' lang='lat' dir='ltr'>luerint,</span> 
     </span>
    </p>
   </div>
   <div class='ocr_carea' id='block_1_8' title="bbox 0 0 1552 4962">
    <p class='ocr_par' dir='ltr' id='par_1_9' title="bbox 0 0 1552 4962">
     <span class='ocr_line' id='line_1_45' title="bbox 0 0 1552 4962; baseline 0 4"><span class='ocrx_word' id='word_1_421' title='bbox 0 0 1552 4962; x_wconf 95' lang='lat' dir='ltr'> </span> 
     </span>
    </p>
   </div>
  </div>
 </body>
</html>
