<?xml version="1.0" encoding="UTF-8"?>
<!DOCTYPE html PUBLIC "-//W3C//DTD XHTML 1.0 Transitional//EN"
    "http://www.w3.org/TR/xhtml1/DTD/xhtml1-transitional.dtd">
<html xmlns="http://www.w3.org/1999/xhtml" xml:lang="en" lang="en">
 <head>
  <title>
</title>
<meta http-equiv="Content-Type" content="text/html;charset=utf-8" />
  <meta name='ocr-system' content='tesseract 3.04.00' />
  <meta name='ocr-capabilities' content='ocr_page ocr_carea ocr_par ocr_line ocrx_word'/>
</head>
<body>
  <div class='ocr_page' id='page_1' title='image "./csallusticrispi04sallgoog_0055.png"; bbox 0 0 3096 4962; ppageno 0'>
   <div class='ocr_carea' id='block_1_1' title="bbox 449 405 1323 472">
    <p class='ocr_par' dir='ltr' id='par_1_1' title="bbox 449 405 1323 472">
     <span class='ocr_line' id='line_1_1' title="bbox 449 405 1323 472; baseline 0.007 -6"><span class='ocrx_word' id='word_1_1' title='bbox 449 406 702 470; x_wconf 80' lang='lat' dir='ltr'>HISTORIARUM&#39;</span> <span class='ocrx_word' id='word_1_2' title='bbox 720 411 955 470; x_wconf 75' lang='lat' dir='ltr'><strong>FRAGMENTA.</strong></span> <span class='ocrx_word' id='word_1_3' title='bbox 977 411 1064 468; x_wconf 92' lang='lat' dir='ltr'><strong>·LlB.</strong></span> <span class='ocrx_word' id='word_1_4' title='bbox 1086 412 1108 467; x_wconf 97' lang='lat' dir='ltr'><strong>I.</strong></span> <span class='ocrx_word' id='word_1_5' title='bbox 1304 405 1323 472; x_wconf 86' lang='lat'><strong>7</strong></span> 
     </span>
    </p>
   </div>
   <div class='ocr_carea' id='block_1_2' title="bbox 239 597 1324 954">
    <p class='ocr_par' dir='ltr' id='par_1_2' title="bbox 239 597 1324 954">
     <span class='ocr_line' id='line_1_2' title="bbox 240 597 1324 692; baseline 0.003 -24"><span class='ocrx_word' id='word_1_6' title='bbox 240 619 391 682; x_wconf 83' lang='lat' dir='ltr'><strong>evenere,</strong></span> <span class='ocrx_word' id='word_1_7' title='bbox 416 598 506 690; x_wconf 90' lang='lat' dir='ltr'><strong>quod</strong></span> <span class='ocrx_word' id='word_1_8' title='bbox 525 597 654 692; x_wconf 75' lang='lat' dir='ltr'><strong>inquies</strong></span> <span class='ocrx_word' id='word_1_9' title='bbox 673 602 773 691; x_wconf 90' lang='lat' dir='ltr'><strong>atque</strong></span> <span class='ocrx_word' id='word_1_10' title='bbox 793 597 985 670; x_wconf 89' lang='lat' dir='ltr'><strong>indomitum</strong></span> <span class='ocrx_word' id='word_1_11' title='bbox 1007 619 1140 689; x_wconf 81' lang='lat' dir='ltr'><strong>semper</strong></span> <span class='ocrx_word' id='word_1_12' title='bbox 1158 597 1324 670; x_wconf 85' lang='lat' dir='ltr'><strong>incerta-</strong></span> 
     </span>
     <span class='ocr_line' id='line_1_3' title="bbox 239 721 1169 816; baseline -0.002 -22"><span class='ocrx_word' id='word_1_13' title='bbox 239 721 325 794; x_wconf 91' lang='lat' dir='ltr'><strong>mine</strong></span> <span class='ocrx_word' id='word_1_14' title='bbox 347 723 505 794; x_wconf 73' lang='lat' dir='ltr'><strong>libertatis</strong></span> <span class='ocrx_word' id='word_1_15' title='bbox 528 727 585 794; x_wconf 91' lang='lat' dir='ltr'><strong>aut</strong></span> <span class='ocrx_word' id='word_1_16' title='bbox 604 722 733 816; x_wconf 87' lang='lat' dir='ltr'><strong>gloriae</strong></span> <span class='ocrx_word' id='word_1_17' title='bbox 760 726 817 794; x_wconf 90' lang='lat' dir='ltr'><strong>aut</strong></span> <span class='ocrx_word' id='word_1_18' title='bbox 838 723 1070 802; x_wconf 86' lang='lat' dir='ltr'><strong>domiuationis</strong></span> <span class='ocrx_word' id='word_1_19' title='bbox 1089 724 1169 816; x_wconf 88' lang='lat' dir='ltr'><strong>agit.</strong></span> 
     </span>
     <span class='ocr_line' id='line_1_4' title="bbox 241 846 1323 954; baseline -0.002 -32"><span class='ocrx_word' id='word_1_20' title='bbox 241 897 245 954; x_wconf 82' lang='lat' dir='ltr'><strong>j</strong></span> <span class='ocrx_word' id='word_1_21' title='bbox 341 857 371 922; x_wconf 99' lang='grc'><strong>9.</strong></span> <span class='ocrx_word' id='word_1_22' title='bbox 400 850 467 927; x_wconf 88' lang='lat' dir='ltr'><strong>Ros</strong></span> <span class='ocrx_word' id='word_1_23' title='bbox 486 850 636 922; x_wconf 81' lang='lat' dir='ltr'><strong>Romana</strong></span> <span class='ocrx_word' id='word_1_24' title='bbox 656 849 844 942; x_wconf 83' lang='lat' dir='ltr'><strong>plurumum</strong></span> <span class='ocrx_word' id='word_1_25' title='bbox 863 846 1000 942; x_wconf 91' lang='lat' dir='ltr'><strong>imperio</strong></span> <span class='ocrx_word' id='word_1_26' title='bbox 1027 849 1130 920; x_wconf 88' lang='lat' dir='ltr'><strong>valuit</strong></span> <span class='ocrx_word' id='word_1_27' title='bbox 1145 849 1216 932; x_wconf 81' lang='lat' dir='ltr'><strong>Ser.</strong></span> <span class='ocrx_word' id='word_1_28' title='bbox 1240 848 1323 920; x_wconf 89' lang='lat' dir='ltr'><strong>Sul-</strong></span> 
     </span>
    </p>
   </div>
   <div class='ocr_carea' id='block_1_3' title="bbox 152 1095 1360 1760">
    <p class='ocr_par' dir='ltr' id='par_1_3' title="bbox 152 1095 1360 1760">
     <span class='ocr_line' id='line_1_5' title="bbox 194 1095 1322 1170; baseline -0.002 -18"><span class='ocrx_word' id='word_1_29' title='bbox 194 1109 196 1113; x_wconf 88' lang='grc'><em>·</em></span> <span class='ocrx_word' id='word_1_30' title='bbox 237 1096 320 1166; x_wconf 83' lang='lat' dir='ltr'><strong>nullis</strong></span> <span class='ocrx_word' id='word_1_31' title='bbox 341 1113 360 1152; x_wconf 92' lang='lat' dir='ltr'><strong>a</strong></span> <span class='ocrx_word' id='word_1_32' title='bbox 382 1098 497 1169; x_wconf 82' lang='lat' dir='ltr'><strong>vulgata</strong></span> <span class='ocrx_word' id='word_1_33' title='bbox 520 1095 658 1167; x_wconf 88' lang='lat' dir='ltr'><strong>scriptura</strong></span> <span class='ocrx_word' id='word_1_34' title='bbox 673 1096 831 1169; x_wconf 74' lang='lat' dir='ltr'>discrepat,</span> <span class='ocrx_word' id='word_1_35' title='bbox 857 1101 949 1156; x_wconf 86' lang='lat' dir='ltr'><strong>tamen</strong></span> <span class='ocrx_word' id='word_1_36' title='bbox 964 1111 1048 1170; x_wconf 79' lang='lat' dir='ltr'><strong>apere</strong></span> <span class='ocrx_word' id='word_1_37' title='bbox 1062 1101 1170 1152; x_wconf 87' lang='lat' dir='ltr'><strong>certum</strong></span> <span class='ocrx_word' id='word_1_38' title='bbox 1185 1101 1322 1166; x_wconf 74' lang='lat' dir='ltr'><strong>praestat.</strong></span> 
     </span>
     <span class='ocr_line' id='line_1_6' title="bbox 237 1179 1322 1253; baseline -0.001 -18"><span class='ocrx_word' id='word_1_39' title='bbox 237 1181 277 1236; x_wconf 91' lang='lat' dir='ltr'><strong>De</strong></span> <span class='ocrx_word' id='word_1_40' title='bbox 293 1199 327 1236; x_wconf 91' lang='lat' dir='ltr'><strong>eo</strong></span> <span class='ocrx_word' id='word_1_41' title='bbox 342 1185 439 1251; x_wconf 90' lang='lat' dir='ltr'><strong>verbo,</strong></span> <span class='ocrx_word' id='word_1_42' title='bbox 455 1179 531 1252; x_wconf 86' lang='lat' dir='ltr'><strong>quod</strong></span> <span class='ocrx_word' id='word_1_43' title='bbox 544 1179 685 1252; x_wconf 83' lang='lat' dir='ltr'><strong>signiticat</strong></span> <span class='ocrx_word' id='word_1_44' title='bbox 696 1185 812 1251; x_wconf 69' lang='lat' dir='ltr'><strong>vasari,</strong></span> <span class='ocrx_word' id='word_1_45' title='bbox 830 1198 897 1253; x_wconf 79' lang='lat' dir='ltr'><strong>esse,</strong></span> <span class='ocrx_word' id='word_1_46' title='bbox 912 1186 1010 1251; x_wconf 72' lang='lat' dir='ltr'><strong>amere,</strong></span> <span class='ocrx_word' id='word_1_47' title='bbox 1027 1184 1063 1238; x_wconf 89' lang='lat' dir='ltr'><strong>cl.</strong></span> <span class='ocrx_word' id='word_1_48' title='bbox 1076 1183 1136 1253; x_wconf 87' lang='lat' dir='ltr'><strong>lug.</strong></span> <span class='ocrx_word' id='word_1_49' title='bbox 1148 1180 1283 1248; x_wconf 86' lang='lat' dir='ltr'>LXXXV,</span> <span class='ocrx_word' id='word_1_50' title='bbox 1296 1185 1322 1240; x_wconf 88' lang='grc'><strong>9.</strong></span> 
     </span>
     <span class='ocr_line' id='line_1_7' title="bbox 229 1264 1324 1340; baseline 0 -20"><span class='ocrx_word' id='word_1_51' title='bbox 229 1264 274 1320; x_wconf 71' lang='lat' dir='ltr'><strong>&#39;In</strong></span> <span class='ocrx_word' id='word_1_52' title='bbox 284 1270 402 1338; x_wconf 83' lang='lat' dir='ltr'><strong>optumis</strong></span> <span class='ocrx_word' id='word_1_53' title='bbox 410 1266 514 1322; x_wconf 73' lang='lat' dir='ltr'><strong>arabas</strong></span> <span class='ocrx_word' id='word_1_54' title='bbox 529 1268 592 1338; x_wconf 73' lang='lat' dir='ltr'><strong>epi.</strong></span> <span class='ocrx_word' id='word_1_55' title='bbox 614 1267 839 1340; x_wconf 79' lang='lat' dir='ltr'><strong>FragmHistor.</strong></span> <span class='ocrx_word' id='word_1_56' title='bbox 855 1269 875 1334; x_wconf 89' lang='lat' dir='ltr'><strong>I,</strong></span> <span class='ocrx_word' id='word_1_57' title='bbox 891 1273 917 1327; x_wconf 87' lang='lat'><strong>9.</strong></span> <span class='ocrx_word' id='word_1_58' title='bbox 943 1268 1065 1339; x_wconf 80' lang='lat' dir='ltr'><strong>optuma</strong></span> <span class='ocrx_word' id='word_1_59' title='bbox 1079 1267 1324 1337; x_wconf 72' lang='lat' dir='ltr'><strong>moribus—egit</strong></span> 
     </span>
     <span class='ocr_line' id='line_1_8' title="bbox 234 1350 1323 1422; baseline -0.002 -16"><span class='ocrx_word' id='word_1_60' title='bbox 234 1353 357 1421; x_wconf 73' lang='lat' dir='ltr'><strong>poputm</strong></span> <span class='ocrx_word' id='word_1_61' title='bbox 376 1351 456 1406; x_wconf 82' lang='lat' dir='ltr'><strong>Rom.</strong></span> <span class='ocrx_word' id='word_1_62' title='bbox 486 1351 513 1417; x_wconf 92' lang='grc' dir='ltr'><strong>Ι,</strong></span> <span class='ocrx_word' id='word_1_63' title='bbox 535 1355 579 1410; x_wconf 79' lang='grc'><strong>93.</strong></span> <span class='ocrx_word' id='word_1_64' title='bbox 607 1350 706 1408; x_wconf 84' lang='lat' dir='ltr'><strong>Mauri</strong></span> <span class='ocrx_word' id='word_1_65' title='bbox 717 1353 922 1412; x_wconf 71' lang='lat' dir='ltr'><strong>⁴conter&#39;nlebant</strong></span> <span class='ocrx_word' id='word_1_66' title='bbox 940 1353 1090 1422; x_wconf 75' lang='lat' dir='ltr'><strong>Anapodos</strong></span> <span class='ocrx_word' id='word_1_67' title='bbox 1109 1353 1191 1408; x_wconf 75' lang='lat' dir='ltr'><strong>antas</strong></span> <span class='ocrx_word' id='word_1_68' title='bbox 1210 1365 1323 1422; x_wconf 73' lang='lat' dir='ltr'><strong>agere.</strong></span> 
     </span>
     <span class='ocr_line' id='line_1_9' title="bbox 239 1427 1324 1512; baseline -0.002 -22"><span class='ocrx_word' id='word_1_69' title='bbox 239 1435 290 1501; x_wconf 92' lang='lat' dir='ltr'><strong>llI,</strong></span> <span class='ocrx_word' id='word_1_70' title='bbox 308 1441 340 1500; x_wconf 89' lang='lat' dir='ltr'><strong>l,</strong></span> <span class='ocrx_word' id='word_1_71' title='bbox 353 1439 380 1492; x_wconf 85' lang='lat'><strong>4.</strong></span> <span class='ocrx_word' id='word_1_72' title='bbox 411 1435 510 1490; x_wconf 81' lang='lat' dir='ltr'><strong>Hostes</strong></span> <span class='ocrx_word' id='word_1_73' title='bbox 524 1437 553 1488; x_wconf 89' lang='lat' dir='ltr'><strong>in</strong></span> <span class='ocrx_word' id='word_1_74' title='bbox 568 1427 717 1512; x_wconf 82' lang='lat' dir='ltr'><strong>cervicibus</strong></span> <span class='ocrx_word' id='word_1_75' title='bbox 734 1439 789 1490; x_wconf 81' lang='lat' dir='ltr'><strong>iarn</strong></span> <span class='ocrx_word' id='word_1_76' title='bbox 802 1434 903 1490; x_wconf 82' lang='lat' dir='ltr'><strong>Italiae</strong></span> <span class='ocrx_word' id='word_1_77' title='bbox 918 1442 1073 1506; x_wconf 80' lang='lat' dir='ltr'><strong>epentes.</strong></span> <span class='ocrx_word' id='word_1_78' title='bbox 1090 1452 1119 1493; x_wconf 93' lang='lat' dir='ltr'><strong>v.</strong></span> <span class='ocrx_word' id='word_1_79' title='bbox 1136 1441 1267 1490; x_wconf 89' lang='lat' dir='ltr'><strong>annotata</strong></span> <span class='ocrx_word' id='word_1_80' title='bbox 1287 1434 1324 1488; x_wconf 92' lang='lat' dir='ltr'><strong>ad</strong></span> 
     </span>
     <span class='ocr_line' id='line_1_10' title="bbox 152 1515 1322 1591; baseline 0.001 -18"><span class='ocrx_word' id='word_1_81' title='bbox 152 1525 154 1530; x_wconf 88' lang='lat'>&#39;</span> <span class='ocrx_word' id='word_1_82' title='bbox 241 1517 300 1574; x_wconf 88' lang='lat' dir='ltr'><strong>Cat.</strong></span> <span class='ocrx_word' id='word_1_83' title='bbox 319 1517 471 1586; x_wconf 56' lang='lat' dir='ltr'><strong>xxuua.</strong></span> <span class='ocrx_word' id='word_1_84' title='bbox 490 1535 518 1588; x_wconf 92' lang='lat' dir='ltr'><strong>p.</strong></span> <span class='ocrx_word' id='word_1_85' title='bbox 536 1522 595 1578; x_wconf 83' lang='lat'><strong>114.</strong></span> <span class='ocrx_word' id='word_1_86' title='bbox 618 1518 655 1573; x_wconf 90' lang='lat' dir='ltr'><strong>ad</strong></span> <span class='ocrx_word' id='word_1_87' title='bbox 672 1519 728 1591; x_wconf 86' lang='lat' dir='ltr'><strong>lug.</strong></span> <span class='ocrx_word' id='word_1_88' title='bbox 742 1519 845 1586; x_wconf 93' lang='lat' dir='ltr'>XVIII,</span> <span class='ocrx_word' id='word_1_89' title='bbox 867 1524 894 1578; x_wconf 85' lang='lat'><strong>9.</strong></span> <span class='ocrx_word' id='word_1_90' title='bbox 913 1526 941 1574; x_wconf 88' lang='lat' dir='ltr'><strong>et</strong></span> <span class='ocrx_word' id='word_1_91' title='bbox 959 1518 1128 1574; x_wconf 87' lang='lat' dir='ltr'><strong>Boelticheri</strong></span> <span class='ocrx_word' id='word_1_92' title='bbox 1148 1520 1215 1574; x_wconf 84' lang='lat' dir='ltr'><strong>Lex.</strong></span> <span class='ocrx_word' id='word_1_93' title='bbox 1236 1515 1322 1574; x_wconf 85' lang='lat' dir='ltr'><strong>Tacit.</strong></span> 
     </span>
     <span class='ocr_line' id='line_1_11' title="bbox 239 1599 1323 1676; baseline -0.002 -18"><span class='ocrx_word' id='word_1_94' title='bbox 239 1619 267 1674; x_wconf 88' lang='lat' dir='ltr'><strong>p.</strong></span> <span class='ocrx_word' id='word_1_95' title='bbox 281 1599 327 1665; x_wconf 80' lang='lat'><strong>51.</strong></span> <span class='ocrx_word' id='word_1_96' title='bbox 340 1633 383 1642; x_wconf 75' lang='lat'>—</span> <span class='ocrx_word' id='word_1_97' title='bbox 412 1601 533 1675; x_wconf 83' lang='lat' dir='ltr'><strong>Inqaies,</strong></span> <span class='ocrx_word' id='word_1_98' title='bbox 550 1604 688 1675; x_wconf 84' lang='lat' dir='ltr'><strong>antiquior</strong></span> <span class='ocrx_word' id='word_1_99' title='bbox 701 1606 792 1660; x_wconf 89' lang='lat' dir='ltr'><strong>lorma</strong></span> <span class='ocrx_word' id='word_1_100' title='bbox 805 1621 856 1676; x_wconf 91' lang='lat' dir='ltr'><strong>pro</strong></span> <span class='ocrx_word' id='word_1_101' title='bbox 871 1607 1015 1676; x_wconf 82' lang='lat' dir='ltr'><strong>inquietas,</strong></span> <span class='ocrx_word' id='word_1_102' title='bbox 1031 1604 1145 1674; x_wconf 90' lang='lat' dir='ltr'><strong>saepius</strong></span> <span class='ocrx_word' id='word_1_103' title='bbox 1161 1619 1178 1658; x_wconf 89' lang='lat' dir='ltr'><strong>a</strong></span> <span class='ocrx_word' id='word_1_104' title='bbox 1191 1603 1323 1658; x_wconf 82' lang='lat' dir='ltr'><strong>Sallustio</strong></span> 
     </span>
     <span class='ocr_line' id='line_1_12' title="bbox 241 1687 1360 1760; baseline -0.004 -16"><span class='ocrx_word' id='word_1_105' title='bbox 241 1694 408 1760; x_wconf 89' lang='lat' dir='ltr'><strong>usurpatur;</strong></span> <span class='ocrx_word' id='word_1_106' title='bbox 432 1690 468 1742; x_wconf 87' lang='lat' dir='ltr'><strong>cl.</strong></span> <span class='ocrx_word' id='word_1_107' title='bbox 482 1689 527 1744; x_wconf 80' lang='lat' dir='ltr'><strong>vr.</strong></span> <span class='ocrx_word' id='word_1_108' title='bbox 547 1688 572 1755; x_wconf 93' lang='lat' dir='ltr'><strong>l,</strong></span> <span class='ocrx_word' id='word_1_109' title='bbox 594 1693 645 1758; x_wconf 81' lang='lat'><strong>45,</strong></span> <span class='ocrx_word' id='word_1_110' title='bbox 672 1696 713 1748; x_wconf 93' lang='lat' dir='ltr'><strong>Il.</strong></span> <span class='ocrx_word' id='word_1_111' title='bbox 730 1695 796 1756; x_wconf 82' lang='lat' dir='ltr'><strong>et§.</strong></span> <span class='ocrx_word' id='word_1_112' title='bbox 815 1695 855 1750; x_wconf 87' lang='grc'><strong>16.</strong></span> <span class='ocrx_word' id='word_1_113' title='bbox 870 1691 909 1757; x_wconf 92' lang='lat' dir='ltr'><strong>II,</strong></span> <span class='ocrx_word' id='word_1_114' title='bbox 926 1694 986 1756; x_wconf 76' lang='lat' dir='ltr'><strong>ta,</strong></span> <span class='ocrx_word' id='word_1_115' title='bbox 1009 1689 1061 1756; x_wconf 92' lang='lat' dir='ltr'><strong>IV,</strong></span> <span class='ocrx_word' id='word_1_116' title='bbox 1082 1693 1125 1748; x_wconf 85' lang='grc'><strong>69.</strong></span> <span class='ocrx_word' id='word_1_117' title='bbox 1160 1687 1194 1742; x_wconf 89' lang='lat' dir='ltr'><strong>L.</strong></span> <span class='ocrx_word' id='word_1_118' title='bbox 1211 1687 1325 1747; x_wconf 83' lang='lat' dir='ltr'><strong>Hostias</strong></span> <span class='ocrx_word' id='word_1_119' title='bbox 1358 1751 1360 1755; x_wconf 23' lang='grc' dir='ltr'>Ι</span> 
     </span>
    </p>
   </div>
   <div class='ocr_carea' id='block_1_4' title="bbox 134 1766 1323 1845">
    <p class='ocr_par' dir='ltr' id='par_1_4' title="bbox 134 1766 1323 1845">
     <span class='ocr_line' id='line_1_13' title="bbox 134 1766 1323 1845; baseline -0.003 -15"><span class='ocrx_word' id='word_1_120' title='bbox 134 1766 135 1779; x_wconf 69' lang='grc'>’</span> <span class='ocrx_word' id='word_1_121' title='bbox 238 1773 396 1842; x_wconf 82' lang='lat' dir='ltr'><strong>Itasianns,</strong></span> <span class='ocrx_word' id='word_1_122' title='bbox 424 1775 564 1845; x_wconf 81' lang='lat' dir='ltr'><strong>inquies</strong></span> <span class='ocrx_word' id='word_1_123' title='bbox 584 1776 701 1836; x_wconf 84' lang='lat' dir='ltr'><strong>animi.</strong></span> <span class='ocrx_word' id='word_1_124' title='bbox 744 1777 894 1832; x_wconf 86' lang='lat' dir='ltr'><strong>Praeterea</strong></span> <span class='ocrx_word' id='word_1_125' title='bbox 917 1793 944 1830; x_wconf 92' lang='lat' dir='ltr'><strong>v.</strong></span> <span class='ocrx_word' id='word_1_126' title='bbox 966 1774 1116 1830; x_wconf 85' lang='lat' dir='ltr'><strong>Ruhnken.</strong></span> <span class='ocrx_word' id='word_1_127' title='bbox 1138 1772 1176 1828; x_wconf 90' lang='lat' dir='ltr'><strong>ad</strong></span> <span class='ocrx_word' id='word_1_128' title='bbox 1198 1769 1272 1826; x_wconf 90' lang='lat' dir='ltr'><strong>Veli.</strong></span> <span class='ocrx_word' id='word_1_129' title='bbox 1291 1771 1323 1838; x_wconf 92' lang='lat' dir='ltr'><strong>ll,</strong></span> 
     </span>
    </p>
   </div>
   <div class='ocr_carea' id='block_1_5' title="bbox 234 1856 1412 4392">
    <p class='ocr_par' dir='ltr' id='par_1_5' title="bbox 234 1856 1412 4392">
     <span class='ocr_line' id='line_1_14' title="bbox 238 1856 1324 1930; baseline -0.002 -18"><span class='ocrx_word' id='word_1_130' title='bbox 238 1863 281 1926; x_wconf 85' lang='grc'><strong>68,</strong></span> <span class='ocrx_word' id='word_1_131' title='bbox 296 1863 324 1917; x_wconf 88' lang='grc'><strong>3.</strong></span> <span class='ocrx_word' id='word_1_132' title='bbox 339 1864 367 1920; x_wconf 81' lang='lat' dir='ltr'><strong>et</strong></span> <span class='ocrx_word' id='word_1_133' title='bbox 379 1858 548 1914; x_wconf 82' lang='lat' dir='ltr'><strong>Boetticlrcri</strong></span> <span class='ocrx_word' id='word_1_134' title='bbox 562 1860 630 1914; x_wconf 81' lang='lat' dir='ltr'><strong>Lex.</strong></span> <span class='ocrx_word' id='word_1_135' title='bbox 644 1859 731 1916; x_wconf 90' lang='lat' dir='ltr'><strong>Tacit.</strong></span> <span class='ocrx_word' id='word_1_136' title='bbox 747 1878 775 1930; x_wconf 87' lang='lat' dir='ltr'><strong>p.</strong></span> <span class='ocrx_word' id='word_1_137' title='bbox 789 1863 904 1919; x_wconf 72' lang='grc'><strong>171-</strong></span> <span class='ocrx_word' id='word_1_138' title='bbox 927 1859 1092 1918; x_wconf 80' lang='lat' dir='ltr'><strong>Indomitum</strong></span> <span class='ocrx_word' id='word_1_139' title='bbox 1102 1875 1158 1912; x_wconf 91' lang='lat' dir='ltr'><strong>non</strong></span> <span class='ocrx_word' id='word_1_140' title='bbox 1170 1858 1256 1912; x_wconf 88' lang='lat' dir='ltr'><strong>habet</strong></span> <span class='ocrx_word' id='word_1_141' title='bbox 1268 1856 1324 1910; x_wconf 83' lang='lat' dir='ltr'><strong>va</strong></span> 
     </span>
     <span class='ocr_line' id='line_1_15' title="bbox 238 1941 1412 2021; baseline -0.005 -23"><span class='ocrx_word' id='word_1_142' title='bbox 238 1945 387 2021; x_wconf 64' lang='lat' dir='ltr'><strong>participii,</strong></span> <span class='ocrx_word' id='word_1_143' title='bbox 404 1943 455 2000; x_wconf 89' lang='lat' dir='ltr'><strong>scd</strong></span> <span class='ocrx_word' id='word_1_144' title='bbox 474 1943 606 1999; x_wconf 89' lang='lat' dir='ltr'><strong>adiectivi</strong></span> <span class='ocrx_word' id='word_1_145' title='bbox 621 1945 650 2000; x_wconf 84' lang='lat' dir='ltr'><strong>ln</strong></span> <span class='ocrx_word' id='word_1_146' title='bbox 668 1975 703 1986; x_wconf 91' lang='lat'><em>-</em></span> <span class='ocrx_word' id='word_1_147' title='bbox 721 1945 789 2015; x_wconf 73' lang='lat' dir='ltr'><strong>ata,</strong></span> <span class='ocrx_word' id='word_1_148' title='bbox 811 1945 941 2018; x_wconf 80' lang='lat' dir='ltr'><strong>idemque</strong></span> <span class='ocrx_word' id='word_1_149' title='bbox 960 1946 1035 2000; x_wconf 90' lang='lat' dir='ltr'><strong>valet</strong></span> <span class='ocrx_word' id='word_1_150' title='bbox 1048 1950 1130 2014; x_wconf 88' lang='lat' dir='ltr'><strong>atque</strong></span> <span class='ocrx_word' id='word_1_151' title='bbox 1146 1941 1324 2006; x_wconf 84' lang='lat' dir='ltr'><strong>indomabiie;</strong></span> <span class='ocrx_word' id='word_1_152' title='bbox 1401 1983 1412 1992; x_wconf 90' lang='lat'><strong>.</strong></span> 
     </span>
     <span class='ocr_line' id='line_1_16' title="bbox 239 2016 1322 2101; baseline -0.004 -17"><span class='ocrx_word' id='word_1_153' title='bbox 239 2031 360 2101; x_wconf 74' lang='lat' dir='ltr'><strong>atquae</strong></span> <span class='ocrx_word' id='word_1_154' title='bbox 374 2029 409 2084; x_wconf 91' lang='lat' dir='ltr'><strong>de</strong></span> <span class='ocrx_word' id='word_1_155' title='bbox 422 2029 477 2086; x_wconf 88' lang='lat' dir='ltr'><strong>hoc</strong></span> <span class='ocrx_word' id='word_1_156' title='bbox 494 2047 547 2086; x_wconf 91' lang='lat' dir='ltr'><strong>usu</strong></span> <span class='ocrx_word' id='word_1_157' title='bbox 558 2031 671 2092; x_wconf 89' lang='lat' dir='ltr'><strong>uberius</strong></span> <span class='ocrx_word' id='word_1_158' title='bbox 686 2031 869 2101; x_wconf 81' lang='lat' dir='ltr'><strong>exposuimus</strong></span> <span class='ocrx_word' id='word_1_159' title='bbox 885 2031 921 2086; x_wconf 91' lang='lat' dir='ltr'><strong>ad</strong></span> <span class='ocrx_word' id='word_1_160' title='bbox 937 2032 996 2101; x_wconf 90' lang='lat' dir='ltr'><strong>lug.</strong></span> <span class='ocrx_word' id='word_1_161' title='bbox 1008 2046 1033 2083; x_wconf 91' lang='lat' dir='ltr'><strong>c.</strong></span> <span class='ocrx_word' id='word_1_162' title='bbox 1049 2028 1170 2096; x_wconf 85' lang='lat' dir='ltr'>LXXVI,</span> <span class='ocrx_word' id='word_1_163' title='bbox 1187 2034 1212 2086; x_wconf 89' lang='grc'><strong>1.</strong></span> <span class='ocrx_word' id='word_1_164' title='bbox 1224 2044 1252 2096; x_wconf 87' lang='lat' dir='ltr'><strong>p·</strong></span> <span class='ocrx_word' id='word_1_165' title='bbox 1263 2016 1322 2084; x_wconf 75' lang='grc'><strong>491.</strong></span> 
     </span>
     <span class='ocr_line' id='line_1_17' title="bbox 238 2111 1324 2187; baseline -0.005 -18"><span class='ocrx_word' id='word_1_166' title='bbox 238 2116 437 2187; x_wconf 82' lang='lat' dir='ltr'><strong>Fragmentum</strong></span> <span class='ocrx_word' id='word_1_167' title='bbox 452 2115 507 2170; x_wconf 90' lang='lat' dir='ltr'><strong>hoc</strong></span> <span class='ocrx_word' id='word_1_168' title='bbox 523 2116 661 2172; x_wconf 86' lang='lat' dir='ltr'><strong>Linkerus</strong></span> <span class='ocrx_word' id='word_1_169' title='bbox 678 2116 713 2170; x_wconf 92' lang='lat' dir='ltr'><strong>de</strong></span> <span class='ocrx_word' id='word_1_170' title='bbox 730 2114 798 2172; x_wconf 90' lang='lat' dir='ltr'><strong>Sall.</strong></span> <span class='ocrx_word' id='word_1_171' title='bbox 813 2117 931 2172; x_wconf 88' lang='lat' dir='ltr'><strong>Historr.</strong></span> <span class='ocrx_word' id='word_1_172' title='bbox 947 2117 1076 2170; x_wconf 87' lang='lat' dir='ltr'><strong>Prooem.</strong></span> <span class='ocrx_word' id='word_1_173' title='bbox 1092 2131 1120 2184; x_wconf 90' lang='lat' dir='ltr'><strong>p.</strong></span> <span class='ocrx_word' id='word_1_174' title='bbox 1135 2117 1178 2174; x_wconf 78' lang='lat'><strong>36.</strong></span> <span class='ocrx_word' id='word_1_175' title='bbox 1194 2115 1266 2166; x_wconf 90' lang='lat' dir='ltr'><strong>bene</strong></span> <span class='ocrx_word' id='word_1_176' title='bbox 1283 2111 1324 2165; x_wconf 92' lang='lat' dir='ltr'><strong>iu·</strong></span> 
     </span>
     <span class='ocr_line' id='line_1_18' title="bbox 234 2199 1323 2271; baseline -0.006 -17"><span class='ocrx_word' id='word_1_177' title='bbox 234 2200 314 2256; x_wconf 82' lang='lat' dir='ltr'><strong>dicat</strong></span> <span class='ocrx_word' id='word_1_178' title='bbox 335 2217 369 2254; x_wconf 90' lang='lat' dir='ltr'><strong>eo</strong></span> <span class='ocrx_word' id='word_1_179' title='bbox 394 2201 456 2254; x_wconf 93' lang='lat' dir='ltr'><strong>loco</strong></span> <span class='ocrx_word' id='word_1_180' title='bbox 478 2200 579 2269; x_wconf 82' lang='lat' dir='ltr'><strong>iuIsse,</strong></span> <span class='ocrx_word' id='word_1_181' title='bbox 604 2201 651 2254; x_wconf 91' lang='lat' dir='ltr'><strong>ubi</strong></span> <span class='ocrx_word' id='word_1_182' title='bbox 668 2200 834 2267; x_wconf 81' lang='lat' dir='ltr'><strong>Sallustius,</strong></span> <span class='ocrx_word' id='word_1_183' title='bbox 855 2217 941 2271; x_wconf 89' lang='lat' dir='ltr'><strong>quum</strong></span> <span class='ocrx_word' id='word_1_184' title='bbox 960 2199 1115 2254; x_wconf 89' lang='lat' dir='ltr'><strong>indicasset</strong></span> <span class='ocrx_word' id='word_1_185' title='bbox 1135 2211 1215 2251; x_wconf 89' lang='lat' dir='ltr'><strong>suam</strong></span> <span class='ocrx_word' id='word_1_186' title='bbox 1229 2211 1323 2248; x_wconf 90' lang='lat' dir='ltr'><strong>rerum</strong></span> 
     </span>
     <span class='ocr_line' id='line_1_19' title="bbox 239 2279 1323 2357; baseline -0.007 -17"><span class='ocrx_word' id='word_1_187' title='bbox 239 2285 428 2344; x_wconf 85' lang='lat' dir='ltr'><strong>Romanarum</strong></span> <span class='ocrx_word' id='word_1_188' title='bbox 442 2283 659 2357; x_wconf 83' lang='lat' dir='ltr'><strong>descriptionem</strong></span> <span class='ocrx_word' id='word_1_189' title='bbox 673 2286 701 2338; x_wconf 94' lang='lat' dir='ltr'><strong>in</strong></span> <span class='ocrx_word' id='word_1_190' title='bbox 716 2285 750 2339; x_wconf 91' lang='lat' dir='ltr'><strong>iis</strong></span> <span class='ocrx_word' id='word_1_191' title='bbox 764 2285 935 2356; x_wconf 89' lang='lat' dir='ltr'><strong>temporibus</strong></span> <span class='ocrx_word' id='word_1_192' title='bbox 952 2289 1137 2347; x_wconf 80' lang='lat' dir='ltr'><strong>versaturum,</strong></span> <span class='ocrx_word' id='word_1_193' title='bbox 1156 2279 1256 2349; x_wconf 90' lang='lat' dir='ltr'><strong>quibus</strong></span> <span class='ocrx_word' id='word_1_194' title='bbox 1265 2295 1323 2332; x_wconf 92' lang='lat' dir='ltr'><strong>res-</strong></span> 
     </span>
     <span class='ocr_line' id='line_1_20' title="bbox 239 2367 1324 2440; baseline -0.008 -16"><span class='ocrx_word' id='word_1_195' title='bbox 239 2369 351 2440; x_wconf 77' lang='lat' dir='ltr'><strong>publica</strong></span> <span class='ocrx_word' id='word_1_196' title='bbox 366 2369 452 2424; x_wconf 90' lang='lat' dir='ltr'><strong>armis</strong></span> <span class='ocrx_word' id='word_1_197' title='bbox 471 2369 600 2426; x_wconf 89' lang='lat' dir='ltr'><strong>civilibus</strong></span> <span class='ocrx_word' id='word_1_198' title='bbox 612 2371 792 2438; x_wconf 81' lang='lat' dir='ltr'><strong>laceraretur,</strong></span> <span class='ocrx_word' id='word_1_199' title='bbox 809 2368 1014 2425; x_wconf 80' lang='lat' dir='ltr'><strong>discordiarum</strong></span> <span class='ocrx_word' id='word_1_200' title='bbox 1029 2367 1166 2437; x_wconf 77' lang='lat' dir='ltr'><strong>originem</strong></span> <span class='ocrx_word' id='word_1_201' title='bbox 1181 2379 1267 2434; x_wconf 90' lang='lat' dir='ltr'><strong>supra</strong></span> <span class='ocrx_word' id='word_1_202' title='bbox 1282 2379 1324 2416; x_wconf 90' lang='lat' dir='ltr'><strong>re-</strong></span> 
     </span>
     <span class='ocr_line' id='line_1_21' title="bbox 239 2448 1324 2525; baseline -0.007 -17"><span class='ocrx_word' id='word_1_203' title='bbox 239 2461 354 2525; x_wconf 85' lang='lat' dir='ltr'><strong>peteret.</strong></span> <span class='ocrx_word' id='word_1_204' title='bbox 388 2453 464 2508; x_wconf 92' lang='lat' dir='ltr'><strong>Idem</strong></span> <span class='ocrx_word' id='word_1_205' title='bbox 481 2455 515 2506; x_wconf 95' lang='lat' dir='ltr'><strong>V.</strong></span> <span class='ocrx_word' id='word_1_206' title='bbox 532 2455 562 2522; x_wconf 88' lang='lat' dir='ltr'><strong>D.</strong></span> <span class='ocrx_word' id='word_1_207' title='bbox 584 2455 652 2510; x_wconf 87' lang='lat' dir='ltr'><strong>scite</strong></span> <span class='ocrx_word' id='word_1_208' title='bbox 673 2457 838 2512; x_wconf 86' lang='lat' dir='ltr'><strong>observavit</strong></span> <span class='ocrx_word' id='word_1_209' title='bbox 853 2461 996 2521; x_wconf 83' lang='lat' dir='ltr'><strong>auctorem</strong></span> <span class='ocrx_word' id='word_1_210' title='bbox 1017 2451 1111 2508; x_wconf 88' lang='lat' dir='ltr'><strong>verbis</strong></span> <span class='ocrx_word' id='word_1_211' title='bbox 1125 2450 1154 2504; x_wconf 85' lang='lat' dir='ltr'><strong>in</strong></span> <span class='ocrx_word' id='word_1_212' title='bbox 1175 2448 1324 2502; x_wconf 76' lang='lat' dir='ltr'><strong>ceramina</strong></span> 
     </span>
     <span class='ocr_line' id='line_1_22' title="bbox 239 2533 1322 2610; baseline -0.006 -16"><span class='ocrx_word' id='word_1_213' title='bbox 239 2540 423 2595; x_wconf 83' lang='lat' dir='ltr'><strong>libertatis</strong></span> <span class='ocrx_word' id='word_1_214' title='bbox 442 2544 491 2594; x_wconf 87' lang='lat' dir='ltr'><strong>ant</strong></span> <span class='ocrx_word' id='word_1_215' title='bbox 509 2540 650 2610; x_wconf 75' lang='lat' dir='ltr'><strong>planiae</strong></span> <span class='ocrx_word' id='word_1_216' title='bbox 671 2546 721 2596; x_wconf 89' lang='lat' dir='ltr'><strong>ant</strong></span> <span class='ocrx_word' id='word_1_217' title='bbox 737 2542 990 2596; x_wconf 83' lang='lat' dir='ltr'><strong>dominationis</strong></span> <span class='ocrx_word' id='word_1_218' title='bbox 1011 2539 1084 2592; x_wconf 88' lang='lat' dir='ltr'><strong>iusta</strong></span> <span class='ocrx_word' id='word_1_219' title='bbox 1106 2533 1179 2590; x_wconf 86' lang='lat' dir='ltr'><strong>&#39;serie</strong></span> <span class='ocrx_word' id='word_1_220' title='bbox 1202 2549 1322 2588; x_wconf 83' lang='lat' dir='ltr'><strong>caussas</strong></span> 
     </span>
     <span class='ocr_line' id='line_1_23' title="bbox 240 2619 1325 2698; baseline -0.008 -18"><span class='ocrx_word' id='word_1_221' title='bbox 240 2626 402 2696; x_wconf 84' lang='lat' dir='ltr'><strong>complecti,</strong></span> <span class='ocrx_word' id='word_1_222' title='bbox 419 2625 519 2695; x_wconf 90' lang='lat' dir='ltr'><strong>quibus</strong></span> <span class='ocrx_word' id='word_1_223' title='bbox 534 2624 641 2682; x_wconf 89' lang='lat' dir='ltr'><strong>Romae</strong></span> <span class='ocrx_word' id='word_1_224' title='bbox 658 2625 793 2698; x_wconf 87' lang='lat' dir='ltr'><strong>deinceps</strong></span> <span class='ocrx_word' id='word_1_225' title='bbox 809 2629 905 2682; x_wconf 87' lang='lat' dir='ltr'><strong>turbae</strong></span> <span class='ocrx_word' id='word_1_226' title='bbox 922 2624 1020 2678; x_wconf 88' lang='lat' dir='ltr'><strong>civiles</strong></span> <span class='ocrx_word' id='word_1_227' title='bbox 1038 2623 1227 2674; x_wconf 88' lang='lat' dir='ltr'><strong>moverentur.</strong></span> <span class='ocrx_word' id='word_1_228' title='bbox 1264 2619 1325 2672; x_wconf 56' lang='lat' dir='ltr'><strong>Pri*</strong></span> 
     </span>
     <span class='ocr_line' id='line_1_24' title="bbox 239 2703 1322 2776; baseline -0.007 -10"><span class='ocrx_word' id='word_1_229' title='bbox 239 2727 302 2766; x_wconf 90' lang='lat' dir='ltr'><strong>mae</strong></span> <span class='ocrx_word' id='word_1_230' title='bbox 318 2711 393 2766; x_wconf 88' lang='lat' dir='ltr'><strong>enim</strong></span> <span class='ocrx_word' id='word_1_231' title='bbox 407 2710 602 2774; x_wconf 89' lang='lat' dir='ltr'><strong>dissensiones</strong></span> <span class='ocrx_word' id='word_1_232' title='bbox 622 2711 794 2768; x_wconf 84' lang='lat' dir='ltr'><strong>domesticae</strong></span> <span class='ocrx_word' id='word_1_233' title='bbox 810 2710 874 2768; x_wconf 88' lang='lat' dir='ltr'><strong>iude</strong></span> <span class='ocrx_word' id='word_1_234' title='bbox 889 2714 975 2773; x_wconf 87' lang='lat' dir='ltr'><strong>ortae,</strong></span> <span class='ocrx_word' id='word_1_235' title='bbox 995 2704 1072 2776; x_wconf 92' lang='lat' dir='ltr'><strong>quod</strong></span> <span class='ocrx_word' id='word_1_236' title='bbox 1086 2703 1123 2758; x_wconf 88' lang='lat' dir='ltr'><strong>dc</strong></span> <span class='ocrx_word' id='word_1_237' title='bbox 1136 2703 1259 2758; x_wconf 88' lang='lat' dir='ltr'><strong>libertate</strong></span> <span class='ocrx_word' id='word_1_238' title='bbox 1273 2703 1322 2758; x_wconf 91' lang='lat' dir='ltr'><strong>toti</strong></span> 
     </span>
     <span class='ocr_line' id='line_1_25' title="bbox 238 2787 1373 2868; baseline -0.008 -18"><span class='ocrx_word' id='word_1_239' title='bbox 238 2797 343 2866; x_wconf 90' lang='lat' dir='ltr'><strong>populo</strong></span> <span class='ocrx_word' id='word_1_240' title='bbox 360 2802 421 2850; x_wconf 86' lang='lat' dir='ltr'><strong>erat</strong></span> <span class='ocrx_word' id='word_1_241' title='bbox 438 2787 535 2852; x_wconf 86' lang='lat' dir='ltr'><strong>contra</strong></span> <span class='ocrx_word' id='word_1_242' title='bbox 552 2813 653 2868; x_wconf 85' lang='lat' dir='ltr'><strong>reges,</strong></span> <span class='ocrx_word' id='word_1_243' title='bbox 676 2796 778 2856; x_wconf 88' lang='lat' dir='ltr'><strong>deinde</strong></span> <span class='ocrx_word' id='word_1_244' title='bbox 794 2794 868 2866; x_wconf 90' lang='lat' dir='ltr'><strong>plebi</strong></span> <span class='ocrx_word' id='word_1_245' title='bbox 886 2797 984 2850; x_wconf 88' lang='lat' dir='ltr'><strong>contra</strong></span> <span class='ocrx_word' id='word_1_246' title='bbox 999 2795 1094 2862; x_wconf 87' lang='lat' dir='ltr'><strong>patres</strong></span> <span class='ocrx_word' id='word_1_247' title='bbox 1110 2787 1253 2844; x_wconf 89' lang='lat' dir='ltr'><strong>nitendum</strong></span> <span class='ocrx_word' id='word_1_248' title='bbox 1272 2789 1321 2856; x_wconf 86' lang='lat' dir='ltr'><strong>(v.</strong></span> <span class='ocrx_word' id='word_1_249' title='bbox 1370 2822 1373 2826; x_wconf 95' lang='lat'>-</span> 
     </span>
     <span class='ocr_line' id='line_1_26' title="bbox 240 2873 1322 2952; baseline -0.01 -16"><span class='ocrx_word' id='word_1_250' title='bbox 240 2879 320 2936; x_wconf 83' lang='lat' dir='ltr'><strong>Catil.</strong></span> <span class='ocrx_word' id='word_1_251' title='bbox 334 2880 387 2944; x_wconf 91' lang='lat' dir='ltr'><strong>VI,</strong></span> <span class='ocrx_word' id='word_1_252' title='bbox 405 2882 430 2936; x_wconf 88' lang='grc'><strong>1.</strong></span> <span class='ocrx_word' id='word_1_253' title='bbox 451 2878 520 2952; x_wconf 90' lang='lat' dir='ltr'><strong>v11,</strong></span> <span class='ocrx_word' id='word_1_254' title='bbox 537 2881 664 2948; x_wconf 81' lang='grc'><strong>1-1.)</strong></span> <span class='ocrx_word' id='word_1_255' title='bbox 697 2883 764 2934; x_wconf 87' lang='lat' dir='ltr'><strong>Post</strong></span> <span class='ocrx_word' id='word_1_256' title='bbox 779 2875 954 2946; x_wconf 81' lang='lat' dir='ltr'><strong>Carthaginis</strong></span> <span class='ocrx_word' id='word_1_257' title='bbox 970 2873 1112 2931; x_wconf 82' lang='lat' dir='ltr'><strong>excidium</strong></span> <span class='ocrx_word' id='word_1_258' title='bbox 1132 2874 1248 2944; x_wconf 89' lang='lat' dir='ltr'><strong>gravius</strong></span> <span class='ocrx_word' id='word_1_259' title='bbox 1264 2889 1322 2926; x_wconf 89' lang='lat' dir='ltr'><strong>rna-</strong></span> 
     </span>
     <span class='ocr_line' id='line_1_27' title="bbox 239 2957 1321 3035; baseline -0.006 -17"><span class='ocrx_word' id='word_1_260' title='bbox 239 2971 297 3018; x_wconf 89' lang='lat' dir='ltr'><strong>tum</strong></span> <span class='ocrx_word' id='word_1_261' title='bbox 311 2970 453 3020; x_wconf 90' lang='lat' dir='ltr'><strong>certarnen</strong></span> <span class='ocrx_word' id='word_1_262' title='bbox 466 2964 572 3035; x_wconf 74' lang='lat' dir='ltr'><strong>gloriae</strong></span> <span class='ocrx_word' id='word_1_263' title='bbox 587 2972 667 3035; x_wconf 82' lang='lat' dir='ltr'><strong>atqua</strong></span> <span class='ocrx_word' id='word_1_264' title='bbox 681 2961 789 3029; x_wconf 77' lang='lat' dir='ltr'><strong>Imperii</strong></span> <span class='ocrx_word' id='word_1_265' title='bbox 806 2962 854 3024; x_wconf 90' lang='lat' dir='ltr'><strong>(v.</strong></span> <span class='ocrx_word' id='word_1_266' title='bbox 874 2957 954 3014; x_wconf 87' lang='lat' dir='ltr'><strong>Catil.</strong></span> <span class='ocrx_word' id='word_1_267' title='bbox 969 2959 1010 3026; x_wconf 92' lang='lat' dir='ltr'><strong>X,</strong></span> <span class='ocrx_word' id='word_1_268' title='bbox 1033 2960 1094 3034; x_wconf 91' lang='lat' dir='ltr'><strong>lug.</strong></span> <span class='ocrx_word' id='word_1_269' title='bbox 1105 2958 1213 3026; x_wconf 76' lang='lat' dir='ltr'>XLI),</span> <span class='ocrx_word' id='word_1_270' title='bbox 1237 2971 1321 3029; x_wconf 88' lang='lat' dir='ltr'><strong>quum</strong></span> 
     </span>
     <span class='ocr_line' id='line_1_28' title="bbox 239 3037 1321 3115; baseline -0.008 -11"><span class='ocrx_word' id='word_1_271' title='bbox 239 3037 358 3105; x_wconf 85' lang='lat' dir='ltr'><strong>avaritia</strong></span> <span class='ocrx_word' id='word_1_272' title='bbox 374 3054 401 3104; x_wconf 91' lang='lat' dir='ltr'><strong>et</strong></span> <span class='ocrx_word' id='word_1_273' title='bbox 414 3050 488 3104; x_wconf 88' lang='lat' dir='ltr'><strong>mala</strong></span> <span class='ocrx_word' id='word_1_274' title='bbox 508 3049 621 3104; x_wconf 88' lang='lat' dir='ltr'><strong>ambitio</strong></span> <span class='ocrx_word' id='word_1_275' title='bbox 638 3047 744 3099; x_wconf 88' lang='lat' dir='ltr'><strong>animos</strong></span> <span class='ocrx_word' id='word_1_276' title='bbox 760 3047 906 3097; x_wconf 80' lang='lat' dir='ltr'><strong>exerceret</strong></span> <span class='ocrx_word' id='word_1_277' title='bbox 921 3044 961 3110; x_wconf 82' lang='lat' dir='ltr'><strong>(v.</strong></span> <span class='ocrx_word' id='word_1_278' title='bbox 977 3042 1057 3098; x_wconf 81' lang='lat' dir='ltr'><strong>Catil.</strong></span> <span class='ocrx_word' id='word_1_279' title='bbox 1070 3037 1143 3115; x_wconf 90' lang='lat' dir='ltr'><strong>Xl.),</strong></span> <span class='ocrx_word' id='word_1_280' title='bbox 1158 3049 1188 3096; x_wconf 90' lang='lat' dir='ltr'><strong>ut</strong></span> <span class='ocrx_word' id='word_1_281' title='bbox 1201 3059 1252 3112; x_wconf 94' lang='lat' dir='ltr'><strong>pro</strong></span> <span class='ocrx_word' id='word_1_282' title='bbox 1270 3057 1321 3107; x_wconf 84' lang='lat' dir='ltr'><strong>sua</strong></span> 
     </span>
     <span class='ocr_line' id='line_1_29' title="bbox 240 3124 1322 3207; baseline -0.014 -15"><span class='ocrx_word' id='word_1_283' title='bbox 240 3136 358 3207; x_wconf 90' lang='lat' dir='ltr'><strong>quisque</strong></span> <span class='ocrx_word' id='word_1_284' title='bbox 378 3134 502 3206; x_wconf 90' lang='lat' dir='ltr'><strong>potentia</strong></span> <span class='ocrx_word' id='word_1_285' title='bbox 513 3134 655 3192; x_wconf 76' lang='lat' dir='ltr'><strong>certarent</strong></span> <span class='ocrx_word' id='word_1_286' title='bbox 669 3129 716 3196; x_wconf 90' lang='lat' dir='ltr'><strong>(v.</strong></span> <span class='ocrx_word' id='word_1_287' title='bbox 736 3124 817 3182; x_wconf 87' lang='lat' dir='ltr'><strong>Catil.</strong></span> <span class='ocrx_word' id='word_1_288' title='bbox 832 3125 989 3194; x_wconf 81' lang='lat' dir='ltr'>XXXVIII,</span> <span class='ocrx_word' id='word_1_289' title='bbox 1012 3127 1069 3193; x_wconf 76' lang='grc'><strong>3.).</strong></span> <span class='ocrx_word' id='word_1_290' title='bbox 1097 3126 1223 3196; x_wconf 87' lang='lat' dir='ltr'><strong>Denique</strong></span> <span class='ocrx_word' id='word_1_291' title='bbox 1240 3126 1322 3178; x_wconf 90' lang='lat' dir='ltr'><strong>mori-</strong></span> 
     </span>
     <span class='ocr_line' id='line_1_30' title="bbox 238 3209 1321 3292; baseline -0.011 -16"><span class='ocrx_word' id='word_1_292' title='bbox 238 3223 290 3276; x_wconf 91' lang='lat' dir='ltr'><strong>bus</strong></span> <span class='ocrx_word' id='word_1_293' title='bbox 307 3222 399 3292; x_wconf 84' lang='lat' dir='ltr'><strong>magis</strong></span> <span class='ocrx_word' id='word_1_294' title='bbox 411 3220 557 3292; x_wconf 81' lang='lat' dir='ltr'><strong>magisque</strong></span> <span class='ocrx_word' id='word_1_295' title='bbox 568 3213 707 3284; x_wconf 91' lang='lat' dir='ltr'><strong>corruptis</strong></span> <span class='ocrx_word' id='word_1_296' title='bbox 719 3229 765 3268; x_wconf 85' lang='lat' dir='ltr'><strong>res</strong></span> <span class='ocrx_word' id='word_1_297' title='bbox 780 3229 815 3266; x_wconf 90' lang='lat' dir='ltr'><strong>eo</strong></span> <span class='ocrx_word' id='word_1_298' title='bbox 829 3211 978 3282; x_wconf 81' lang='lat' dir='ltr'><strong>processit,</strong></span> <span class='ocrx_word' id='word_1_299' title='bbox 993 3216 1024 3265; x_wconf 86' lang='lat' dir='ltr'><strong>ut</strong></span> <span class='ocrx_word' id='word_1_300' title='bbox 1033 3209 1116 3281; x_wconf 88' lang='lat' dir='ltr'><strong>pauci</strong></span> <span class='ocrx_word' id='word_1_301' title='bbox 1129 3214 1259 3280; x_wconf 87' lang='lat' dir='ltr'><strong>potentes</strong></span> <span class='ocrx_word' id='word_1_302' title='bbox 1273 3209 1321 3264; x_wconf 84' lang='lat' dir='ltr'><strong>do-</strong></span> 
     </span>
     <span class='ocr_line' id='line_1_31' title="bbox 239 3294 1322 3377; baseline -0.009 -17"><span class='ocrx_word' id='word_1_303' title='bbox 239 3308 303 3370; x_wconf 79' lang='lat' dir='ltr'><strong>rnini</strong></span> <span class='ocrx_word' id='word_1_304' title='bbox 320 3305 381 3360; x_wconf 86' lang='lat' dir='ltr'><strong>fieri</strong></span> <span class='ocrx_word' id='word_1_305' title='bbox 397 3305 563 3377; x_wconf 84' lang='lat' dir='ltr'><strong>quaererent</strong></span> <span class='ocrx_word' id='word_1_306' title='bbox 583 3299 665 3370; x_wconf 86' lang='lat' dir='ltr'><strong>totius</strong></span> <span class='ocrx_word' id='word_1_307' title='bbox 681 3298 868 3370; x_wconf 66' lang='lat' dir='ltr'><strong>reipublicae,</strong></span> <span class='ocrx_word' id='word_1_308' title='bbox 888 3297 915 3352; x_wconf 95' lang='lat' dir='ltr'><strong>h.</strong></span> <span class='ocrx_word' id='word_1_309' title='bbox 932 3314 957 3350; x_wconf 90' lang='lat' dir='ltr'><strong>e.</strong></span> <span class='ocrx_word' id='word_1_310' title='bbox 974 3297 1084 3368; x_wconf 91' lang='lat' dir='ltr'><strong>legibus</strong></span> <span class='ocrx_word' id='word_1_311' title='bbox 1101 3294 1211 3350; x_wconf 78' lang='lat' dir='ltr'><strong>eversiS</strong></span> <span class='ocrx_word' id='word_1_312' title='bbox 1227 3294 1322 3350; x_wconf 89' lang='lat' dir='ltr'><strong>omnia</strong></span> 
     </span>
     <span class='ocr_line' id='line_1_32' title="bbox 240 3378 1321 3456; baseline -0.014 -8"><span class='ocrx_word' id='word_1_313' title='bbox 240 3385 276 3449; x_wconf 83' lang='lat' dir='ltr'><strong>ex</strong></span> <span class='ocrx_word' id='word_1_314' title='bbox 291 3409 342 3446; x_wconf 91' lang='lat' dir='ltr'><strong>suo</strong></span> <span class='ocrx_word' id='word_1_315' title='bbox 358 3390 468 3446; x_wconf 89' lang='lat' dir='ltr'><strong>arbitrio</strong></span> <span class='ocrx_word' id='word_1_316' title='bbox 484 3401 548 3440; x_wconf 91' lang='lat' dir='ltr'><strong>curn</strong></span> <span class='ocrx_word' id='word_1_317' title='bbox 564 3385 592 3442; x_wconf 91' lang='lat' dir='ltr'><strong>vi</strong></span> <span class='ocrx_word' id='word_1_318' title='bbox 609 3389 743 3456; x_wconf 82' lang='lat' dir='ltr'><strong>agerent,</strong></span> <span class='ocrx_word' id='word_1_319' title='bbox 759 3385 834 3438; x_wconf 91' lang='lat' dir='ltr'><strong>velut</strong></span> <span class='ocrx_word' id='word_1_320' title='bbox 849 3382 971 3450; x_wconf 87' lang='lat' dir='ltr'><strong>Marius,</strong></span> <span class='ocrx_word' id='word_1_321' title='bbox 988 3381 1094 3454; x_wconf 84' lang='lat' dir='ltr'><strong>Cinna,</strong></span> <span class='ocrx_word' id='word_1_322' title='bbox 1111 3378 1217 3452; x_wconf 80' lang='lat' dir='ltr'><strong>Garbe,</strong></span> <span class='ocrx_word' id='word_1_323' title='bbox 1234 3378 1321 3436; x_wconf 90' lang='lat' dir='ltr'><strong>Sulla.</strong></span> 
     </span>
     <span class='ocr_line' id='line_1_33' title="bbox 323 3463 1320 3542; baseline -0.01 -14"><span class='ocrx_word' id='word_1_324' title='bbox 323 3476 368 3530; x_wconf 87' lang='lat' dir='ltr'><strong>Fr.</strong></span> <span class='ocrx_word' id='word_1_325' title='bbox 389 3477 414 3530; x_wconf 85' lang='lat'><strong>9.</strong></span> <span class='ocrx_word' id='word_1_326' title='bbox 451 3463 548 3542; x_wconf 76' lang='lat' dir='ltr'><strong>[Cart.</strong></span> <span class='ocrx_word' id='word_1_327' title='bbox 561 3485 590 3540; x_wconf 91' lang='lat' dir='ltr'><strong>p.</strong></span> <span class='ocrx_word' id='word_1_328' title='bbox 606 3475 666 3528; x_wconf 83' lang='lat'><strong>935.</strong></span> <span class='ocrx_word' id='word_1_329' title='bbox 699 3469 772 3524; x_wconf 91' lang='lat' dir='ltr'><strong>Gerl.</strong></span> <span class='ocrx_word' id='word_1_330' title='bbox 794 3467 840 3522; x_wconf 86' lang='lat' dir='ltr'><strong>ed.</strong></span> <span class='ocrx_word' id='word_1_331' title='bbox 860 3468 925 3522; x_wconf 88' lang='lat' dir='ltr'><strong>mai.</strong></span> <span class='ocrx_word' id='word_1_332' title='bbox 948 3468 975 3536; x_wconf 92' lang='lat' dir='ltr'><strong>I,</strong></span> <span class='ocrx_word' id='word_1_333' title='bbox 995 3469 1020 3525; x_wconf 88' lang='grc'><strong>7.</strong></span> <span class='ocrx_word' id='word_1_334' title='bbox 1043 3466 1089 3520; x_wconf 89' lang='lat' dir='ltr'><strong>ed.</strong></span> <span class='ocrx_word' id='word_1_335' title='bbox 1105 3466 1173 3520; x_wconf 90' lang='lat' dir='ltr'><strong>min.</strong></span> <span class='ocrx_word' id='word_1_336' title='bbox 1190 3465 1215 3534; x_wconf 93' lang='lat' dir='ltr'><strong>l,</strong></span> <span class='ocrx_word' id='word_1_337' title='bbox 1233 3471 1275 3526; x_wconf 91' lang='grc'><strong>11.</strong></span> <span class='ocrx_word' id='word_1_338' title='bbox 1292 3482 1320 3536; x_wconf 83' lang='lat' dir='ltr'><strong>p.</strong></span> 
     </span>
     <span class='ocr_line' id='line_1_34' title="bbox 241 3550 1320 3628; baseline -0.012 -10"><span class='ocrx_word' id='word_1_339' title='bbox 241 3562 356 3620; x_wconf 72' lang='lat'><strong>18213.</strong></span> <span class='ocrx_word' id='word_1_340' title='bbox 379 3554 461 3628; x_wconf 85' lang='lat' dir='ltr'><strong>Debr.</strong></span> <span class='ocrx_word' id='word_1_341' title='bbox 477 3554 504 3622; x_wconf 93' lang='lat' dir='ltr'><strong>I,</strong></span> <span class='ocrx_word' id='word_1_342' title='bbox 523 3561 555 3614; x_wconf 76' lang='lat' dir='ltr'><strong>la</strong></span> <span class='ocrx_word' id='word_1_343' title='bbox 571 3559 598 3608; x_wconf 90' lang='lat' dir='ltr'><strong>et</strong></span> <span class='ocrx_word' id='word_1_344' title='bbox 613 3551 673 3627; x_wconf 80' lang='grc'><strong>13.)</strong></span> <span class='ocrx_word' id='word_1_345' title='bbox 703 3553 798 3608; x_wconf 88' lang='lat' dir='ltr'><strong>Verba</strong></span> <span class='ocrx_word' id='word_1_346' title='bbox 816 3553 949 3608; x_wconf 89' lang='lat' dir='ltr'><strong>universa</strong></span> <span class='ocrx_word' id='word_1_347' title='bbox 966 3558 1078 3608; x_wconf 78' lang='lat' dir='ltr'><strong>exstant</strong></span> <span class='ocrx_word' id='word_1_348' title='bbox 1093 3550 1169 3622; x_wconf 87' lang='lat' dir='ltr'><strong>apud</strong></span> <span class='ocrx_word' id='word_1_349' title='bbox 1185 3550 1320 3606; x_wconf 90' lang='lat' dir='ltr'><strong>Victorin.</strong></span> 
     </span>
     <span class='ocr_line' id='line_1_35' title="bbox 240 3637 1320 3710; baseline -0.008 -10"><span class='ocrx_word' id='word_1_350' title='bbox 240 3647 266 3700; x_wconf 90' lang='lat' dir='ltr'><strong>in</strong></span> <span class='ocrx_word' id='word_1_351' title='bbox 280 3641 337 3696; x_wconf 83' lang='lat' dir='ltr'><strong>Cic.</strong></span> <span class='ocrx_word' id='word_1_352' title='bbox 350 3637 465 3694; x_wconf 90' lang='lat' dir='ltr'><strong>Rhetor.</strong></span> <span class='ocrx_word' id='word_1_353' title='bbox 479 3655 507 3709; x_wconf 91' lang='lat' dir='ltr'><strong>p.</strong></span> <span class='ocrx_word' id='word_1_354' title='bbox 522 3645 548 3696; x_wconf 82' lang='lat'><strong>5.</strong></span> <span class='ocrx_word' id='word_1_355' title='bbox 565 3638 649 3696; x_wconf 87' lang='lat' dir='ltr'><strong>Orell.</strong></span> <span class='ocrx_word' id='word_1_356' title='bbox 659 3655 666 3706; x_wconf 93' lang='lat'>;</span> <span class='ocrx_word' id='word_1_357' title='bbox 676 3638 738 3694; x_wconf 84' lang='lat' dir='ltr'><strong>&#39;sed</strong></span> <span class='ocrx_word' id='word_1_358' title='bbox 752 3639 879 3710; x_wconf 87' lang='lat' dir='ltr'><strong>singulas</strong></span> <span class='ocrx_word' id='word_1_359' title='bbox 892 3644 988 3709; x_wconf 86' lang='lat' dir='ltr'><strong>partes</strong></span> <span class='ocrx_word' id='word_1_360' title='bbox 1002 3638 1085 3692; x_wconf 88' lang='lat' dir='ltr'><strong>etiarn</strong></span> <span class='ocrx_word' id='word_1_361' title='bbox 1101 3637 1147 3691; x_wconf 88' lang='lat' dir='ltr'><strong>alii</strong></span> <span class='ocrx_word' id='word_1_362' title='bbox 1164 3641 1320 3692; x_wconf 88' lang='lat' dir='ltr'><strong>servarunt.</strong></span> 
     </span>
     <span class='ocr_line' id='line_1_36' title="bbox 238 3718 1319 3800; baseline -0.006 -17"><span class='ocrx_word' id='word_1_363' title='bbox 238 3725 346 3784; x_wconf 87' lang='lat' dir='ltr'><strong>Nonius</strong></span> <span class='ocrx_word' id='word_1_364' title='bbox 362 3723 436 3778; x_wconf 92' lang='lat' dir='ltr'><strong>enim</strong></span> <span class='ocrx_word' id='word_1_365' title='bbox 451 3723 484 3790; x_wconf 93' lang='lat' dir='ltr'><strong>Il,</strong></span> <span class='ocrx_word' id='word_1_366' title='bbox 505 3727 565 3781; x_wconf 73' lang='lat' dir='ltr'><strong>leo.</strong></span> <span class='ocrx_word' id='word_1_367' title='bbox 581 3741 609 3794; x_wconf 78' lang='lat' dir='ltr'><strong>p·</strong></span> <span class='ocrx_word' id='word_1_368' title='bbox 627 3727 671 3792; x_wconf 74' lang='lat'><strong>92,</strong></span> <span class='ocrx_word' id='word_1_369' title='bbox 688 3729 716 3784; x_wconf 87' lang='grc'><strong>8.</strong></span> <span class='ocrx_word' id='word_1_370' title='bbox 731 3718 849 3800; x_wconf 76' lang='lat' dir='ltr'><strong>blei-cer.</strong></span> <span class='ocrx_word' id='word_1_371' title='bbox 865 3723 938 3782; x_wconf 90' lang='lat' dir='ltr'><strong>haec</strong></span> <span class='ocrx_word' id='word_1_372' title='bbox 954 3723 1054 3780; x_wconf 88' lang='lat' dir='ltr'><strong>habet:</strong></span> <span class='ocrx_word' id='word_1_373' title='bbox 1078 3721 1121 3778; x_wconf 81' lang='lat' dir='ltr'><strong>Cis</strong></span> <span class='ocrx_word' id='word_1_374' title='bbox 1135 3720 1262 3786; x_wconf 80' lang='lat' dir='ltr'><strong>Rbernam</strong></span> <span class='ocrx_word' id='word_1_375' title='bbox 1278 3725 1319 3776; x_wconf 90' lang='lat' dir='ltr'><strong>at-</strong></span> 
     </span>
     <span class='ocr_line' id='line_1_37' title="bbox 237 3805 1320 3884; baseline -0.006 -17"><span class='ocrx_word' id='word_1_376' title='bbox 237 3827 290 3884; x_wconf 84' lang='lat' dir='ltr'><strong>que</strong></span> <span class='ocrx_word' id='word_1_377' title='bbox 302 3812 375 3866; x_wconf 83' lang='lat' dir='ltr'><strong>inter</strong></span> <span class='ocrx_word' id='word_1_378' title='bbox 385 3823 465 3872; x_wconf 74' lang='lat' dir='ltr'><strong>acore</strong></span> <span class='ocrx_word' id='word_1_379' title='bbox 475 3811 598 3866; x_wconf 83' lang='lat' dir='ltr'><strong>nostram</strong></span> <span class='ocrx_word' id='word_1_380' title='bbox 609 3813 634 3864; x_wconf 90' lang='lat' dir='ltr'><strong>et</strong></span> <span class='ocrx_word' id='word_1_381' title='bbox 648 3809 794 3879; x_wconf 80' lang='lat' dir='ltr'><strong>decanam,</strong></span> <span class='ocrx_word' id='word_1_382' title='bbox 808 3805 926 3880; x_wconf 78' lang='lat' dir='ltr'><strong>nisique</strong></span> <span class='ocrx_word' id='word_1_383' title='bbox 935 3807 1084 3881; x_wconf 68' lang='lat' dir='ltr'><strong>paladini</strong></span> <span class='ocrx_word' id='word_1_384' title='bbox 1094 3808 1167 3864; x_wconf 83' lang='lat' dir='ltr'><strong>incia</strong></span> <span class='ocrx_word' id='word_1_385' title='bbox 1177 3805 1240 3878; x_wconf 78' lang='lat' dir='ltr'><strong>fait,</strong></span> <span class='ocrx_word' id='word_1_386' title='bbox 1249 3821 1320 3876; x_wconf 82' lang='lat' dir='ltr'><strong>per·</strong></span> 
     </span>
     <span class='ocr_line' id='line_1_38' title="bbox 238 3891 1321 3966; baseline -0.006 -15"><span class='ocrx_word' id='word_1_387' title='bbox 238 3897 352 3966; x_wconf 70' lang='lat' dir='ltr'><strong>donita,</strong></span> <span class='ocrx_word' id='word_1_388' title='bbox 373 3894 410 3950; x_wconf 91' lang='lat' dir='ltr'><strong>ad</strong></span> <span class='ocrx_word' id='word_1_389' title='bbox 432 3911 504 3966; x_wconf 90' lang='lat' dir='ltr'><strong>quae</strong></span> <span class='ocrx_word' id='word_1_390' title='bbox 522 3896 610 3949; x_wconf 88' lang='lat' dir='ltr'><strong>verba</strong></span> <span class='ocrx_word' id='word_1_391' title='bbox 625 3893 698 3950; x_wconf 90' lang='lat' dir='ltr'><strong>haec</strong></span> <span class='ocrx_word' id='word_1_392' title='bbox 714 3895 868 3966; x_wconf 81' lang='lat' dir='ltr'><strong>scripturae</strong></span> <span class='ocrx_word' id='word_1_393' title='bbox 886 3895 1011 3952; x_wconf 89' lang='lat' dir='ltr'><strong>varietas</strong></span> <span class='ocrx_word' id='word_1_394' title='bbox 1028 3910 1053 3949; x_wconf 87' lang='lat' dir='ltr'><strong>e.</strong></span> <span class='ocrx_word' id='word_1_395' title='bbox 1075 3891 1160 3948; x_wconf 88' lang='lat' dir='ltr'><strong>codd.</strong></span> <span class='ocrx_word' id='word_1_396' title='bbox 1176 3891 1282 3946; x_wconf 87' lang='lat' dir='ltr'><strong>Pariss.</strong></span> <span class='ocrx_word' id='word_1_397' title='bbox 1304 3907 1321 3944; x_wconf 90' lang='lat' dir='ltr'><strong>a</strong></span> 
     </span>
     <span class='ocr_line' id='line_1_39' title="bbox 240 3975 1318 4056; baseline -0.006 -20"><span class='ocrx_word' id='word_1_398' title='bbox 240 3981 376 4048; x_wconf 76' lang='lat' dir='ltr'><strong>Diibnero.</strong></span> <span class='ocrx_word' id='word_1_399' title='bbox 389 3984 504 4037; x_wconf 82' lang='lat' dir='ltr'><strong>enotata</strong></span> <span class='ocrx_word' id='word_1_400' title='bbox 518 3983 576 4034; x_wconf 89' lang='lat' dir='ltr'><strong>est:</strong></span> <span class='ocrx_word' id='word_1_401' title='bbox 598 3980 652 4034; x_wconf 83' lang='lat' dir='ltr'><strong>nisi</strong></span> <span class='ocrx_word' id='word_1_402' title='bbox 664 3982 746 4052; x_wconf 83' lang='lat' dir='ltr'><strong>qaia</strong></span> <span class='ocrx_word' id='word_1_403' title='bbox 761 3979 844 4034; x_wconf 90' lang='lat' dir='ltr'><strong>codd.</strong></span> <span class='ocrx_word' id='word_1_404' title='bbox 859 3996 896 4056; x_wconf 77' lang='lat' dir='ltr'><strong>a,</strong></span> <span class='ocrx_word' id='word_1_405' title='bbox 916 3975 949 4046; x_wconf 69' lang='grc' dir='ltr'><strong>ὃς</strong></span> <span class='ocrx_word' id='word_1_406' title='bbox 969 3981 1043 4036; x_wconf 84' lang='lat' dir='ltr'><strong>incia</strong></span> <span class='ocrx_word' id='word_1_407' title='bbox 1059 3976 1115 4048; x_wconf 79' lang='lat' dir='ltr'><strong>fait</strong></span> <span class='ocrx_word' id='word_1_408' title='bbox 1128 3976 1192 4030; x_wconf 90' lang='lat' dir='ltr'><strong>cod.</strong></span> <span class='ocrx_word' id='word_1_409' title='bbox 1208 3975 1254 4044; x_wconf 85' lang='lat' dir='ltr'><strong>A;</strong></span> <span class='ocrx_word' id='word_1_410' title='bbox 1276 3977 1318 4030; x_wconf 84' lang='lat' dir='ltr'><strong>in-</strong></span> 
     </span>
     <span class='ocr_line' id='line_1_40' title="bbox 239 4057 1319 4139; baseline -0.011 -15"><span class='ocrx_word' id='word_1_411' title='bbox 239 4069 282 4124; x_wconf 84' lang='lat' dir='ltr'><strong>via</strong></span> <span class='ocrx_word' id='word_1_412' title='bbox 295 4066 384 4139; x_wconf 82' lang='lat' dir='ltr'><strong>faerit</strong></span> <span class='ocrx_word' id='word_1_413' title='bbox 396 4064 482 4123; x_wconf 82' lang='lat' dir='ltr'><strong>codd.</strong></span> <span class='ocrx_word' id='word_1_414' title='bbox 503 4083 537 4137; x_wconf 89' lang='lat' dir='ltr'><strong>a,</strong></span> <span class='ocrx_word' id='word_1_415' title='bbox 554 4059 581 4120; x_wconf 83' lang='lat' dir='ltr'><strong>tl.</strong></span> <span class='ocrx_word' id='word_1_416' title='bbox 624 4063 695 4120; x_wconf 87' lang='lat' dir='ltr'><strong>Tum</strong></span> <span class='ocrx_word' id='word_1_417' title='bbox 711 4063 787 4139; x_wconf 83' lang='lat' dir='ltr'><strong>apud</strong></span> <span class='ocrx_word' id='word_1_418' title='bbox 802 4057 932 4122; x_wconf 82' lang='lat' dir='ltr'><strong>ServIum</strong></span> <span class='ocrx_word' id='word_1_419' title='bbox 948 4063 984 4120; x_wconf 91' lang='lat' dir='ltr'><strong>ad</strong></span> <span class='ocrx_word' id='word_1_420' title='bbox 999 4063 1081 4134; x_wconf 84' lang='lat' dir='ltr'><strong>VIrg.</strong></span> <span class='ocrx_word' id='word_1_421' title='bbox 1096 4061 1170 4128; x_wconf 82' lang='lat' dir='ltr'><strong>Aen.</strong></span> <span class='ocrx_word' id='word_1_422' title='bbox 1189 4060 1243 4133; x_wconf 89' lang='lat' dir='ltr'><strong>VI,</strong></span> <span class='ocrx_word' id='word_1_423' title='bbox 1258 4064 1319 4118; x_wconf 81' lang='lat'><strong>539.</strong></span> 
     </span>
     <span class='ocr_line' id='line_1_41' title="bbox 239 4144 1319 4224; baseline -0.011 -16"><span class='ocrx_word' id='word_1_424' title='bbox 239 4153 356 4224; x_wconf 87' lang='lat' dir='ltr'><strong>legitur:</strong></span> <span class='ocrx_word' id='word_1_425' title='bbox 373 4147 452 4212; x_wconf 83' lang='lat' dir='ltr'><strong>Inter</strong></span> <span class='ocrx_word' id='word_1_426' title='bbox 465 4149 615 4210; x_wconf 72' lang='lat' dir='ltr'><strong>emundant</strong></span> <span class='ocrx_word' id='word_1_427' title='bbox 629 4155 709 4221; x_wconf 83' lang='lat' dir='ltr'><strong>atque</strong></span> <span class='ocrx_word' id='word_1_428' title='bbox 723 4151 847 4206; x_wconf 63' lang='grc'><strong>,1111111111</strong></span> <span class='ocrx_word' id='word_1_429' title='bbox 858 4150 956 4206; x_wconf 82' lang='lat' dir='ltr'><strong>bellam</strong></span> <span class='ocrx_word' id='word_1_430' title='bbox 972 4147 1205 4219; x_wconf 73' lang='lat' dir='ltr'><strong>Carthaginiense.</strong></span> <span class='ocrx_word' id='word_1_431' title='bbox 1237 4144 1319 4198; x_wconf 86' lang='lat' dir='ltr'><strong>Deni-</strong></span> 
     </span>
     <span class='ocr_line' id='line_1_42' title="bbox 240 4227 1354 4309; baseline -0.009 -15"><span class='ocrx_word' id='word_1_432' title='bbox 240 4255 293 4309; x_wconf 88' lang='lat' dir='ltr'><strong>que</strong></span> <span class='ocrx_word' id='word_1_433' title='bbox 308 4237 364 4294; x_wconf 91' lang='lat' dir='ltr'><strong>huc</strong></span> <span class='ocrx_word' id='word_1_434' title='bbox 377 4241 485 4308; x_wconf 86' lang='lat' dir='ltr'><strong>spectat</strong></span> <span class='ocrx_word' id='word_1_435' title='bbox 497 4237 577 4292; x_wconf 90' lang='lat' dir='ltr'><strong>locus</strong></span> <span class='ocrx_word' id='word_1_436' title='bbox 593 4235 744 4306; x_wconf 79' lang='lat' dir='ltr'><strong>Augusdni</strong></span> <span class='ocrx_word' id='word_1_437' title='bbox 755 4231 795 4291; x_wconf 83' lang='lat' dir='ltr'><strong>&#39;de</strong></span> <span class='ocrx_word' id='word_1_438' title='bbox 812 4233 874 4290; x_wconf 86' lang='lat' dir='ltr'><strong>Giv.</strong></span> <span class='ocrx_word' id='word_1_439' title='bbox 887 4235 938 4290; x_wconf 85' lang='lat' dir='ltr'><strong>&#39;Dei</strong></span> <span class='ocrx_word' id='word_1_440' title='bbox 954 4234 986 4302; x_wconf 93' lang='lat' dir='ltr'><strong>ll,</strong></span> <span class='ocrx_word' id='word_1_441' title='bbox 1001 4237 1044 4293; x_wconf 83' lang='lat'><strong>18.</strong></span> <span class='ocrx_word' id='word_1_442' title='bbox 1058 4237 1150 4302; x_wconf 90' lang='lat' dir='ltr'><strong>quem,</strong></span> <span class='ocrx_word' id='word_1_443' title='bbox 1169 4230 1234 4302; x_wconf 87' lang='lat' dir='ltr'><strong>quia</strong></span> <span class='ocrx_word' id='word_1_444' title='bbox 1250 4227 1319 4284; x_wconf 89' lang='lat' dir='ltr'><strong>mul-</strong></span> <span class='ocrx_word' id='word_1_445' title='bbox 1351 4227 1354 4235; x_wconf 79' lang='grc'><strong>“</strong></span> 
     </span>
     <span class='ocr_line' id='line_1_43' title="bbox 239 4312 1320 4392; baseline -0.013 -14"><span class='ocrx_word' id='word_1_446' title='bbox 239 4329 297 4384; x_wconf 88' lang='lat' dir='ltr'><strong>tum</strong></span> <span class='ocrx_word' id='word_1_447' title='bbox 317 4321 383 4382; x_wconf 85' lang='lat' dir='ltr'><strong>lacit</strong></span> <span class='ocrx_word' id='word_1_448' title='bbox 401 4320 438 4376; x_wconf 89' lang='lat' dir='ltr'><strong>ad</strong></span> <span class='ocrx_word' id='word_1_449' title='bbox 460 4320 622 4380; x_wconf 89' lang='lat' dir='ltr'><strong>Sallustium</strong></span> <span class='ocrx_word' id='word_1_450' title='bbox 640 4320 848 4392; x_wconf 85' lang='lat' dir='ltr'><strong>illustrandum,</strong></span> <span class='ocrx_word' id='word_1_451' title='bbox 870 4325 957 4378; x_wconf 89' lang='lat' dir='ltr'><strong>totum</strong></span> <span class='ocrx_word' id='word_1_452' title='bbox 971 4317 1156 4392; x_wconf 83' lang='lat' dir='ltr'><strong>apponemus.</strong></span> <span class='ocrx_word' id='word_1_453' title='bbox 1200 4355 1218 4384; x_wconf 91' lang='lat'><strong>‚,</strong></span> <span class='ocrx_word' id='word_1_454' title='bbox 1229 4312 1320 4368; x_wconf 85' lang='lat' dir='ltr'><strong>Sallu-</strong></span> 
     </span>
    </p>
   </div>
   <div class='ocr_carea' id='block_1_6' title="bbox 0 0 1552 4962">
    <p class='ocr_par' dir='ltr' id='par_1_6' title="bbox 0 0 1552 4962">
     <span class='ocr_line' id='line_1_44' title="bbox 0 0 1552 4962; baseline 0 0"><span class='ocrx_word' id='word_1_455' title='bbox 0 0 1552 4962; x_wconf 95' lang='lat' dir='ltr'><strong> </strong></span> 
     </span>
    </p>
   </div>
  </div>
 </body>
</html>
