3096 4962
448 409 698 469 ursronnmom
720 409 954 474 FRAGMENTA.
999 413 1063 468 nro.
1086 370 1125 468 rs
1276 405 1330 486 ⁴9ss

188 611 220 664 15
228 579 328 669 ciuili.
365 595 470 668 Estne
482 597 564 669 viris
582 597 802 702 relicui-aliud
815 621 913 693 quam
932 598 1066 670 solvere
1082 597 1242 684 iniuriam,
1261 601 1319 668 aut

231 723 314 795 mori
333 745 392 814 per
408 717 589 796 virtutem?
610 723 763 817 qnoniam
784 727 915 820 quidem
935 747 1037 796 unum
1051 725 1203 798 omnibus
1218 714 1318 796 finem

231 853 356 922 natura
367 851 422 923 vel
441 852 530 922 terro
545 851 649 943 septis
664 851 792 937 statuit,
816 873 925 945 neque
943 851 1118 946 quisquam
1136 854 1316 921 extremam

170 1014 172 1019 .
230 975 461 1050 necessitatem
483 976 563 1055 nihil
584 999 688 1076 ausus
713 976 776 1050 nisi
799 977 949 1048 muliebri
971 975 1106 1070 ingenio
1135 978 1315 1067 exspectat.

161 1171 162 1174 ,
187 1113 221 1168 16
231 1101 358 1178 Verum
373 1124 440 1195 ego
455 1101 645 1188 seditiosus,
666 1099 713 1172 uti
727 1100 822 1202 Sulla
839 1101 893 1188 ait,
913 1103 968 1197 qui
986 1101 1132 1195 praemia
1147 1101 1318 1178 turbarum

187 1245 220 1304 17
232 1251 369 1322 queror,
394 1205 426 1300 et
444 1213 566 1300 bellum
580 1225 728 1319 cupiens,
749 1225 805 1321 qui
819 1226 891 1335 iuro
909 1227 1000 1320 pacis
1015 1212 1140 1321 repeto.
1176 1226 1318 1311 Scilicet,

152 1496 154 1500 ,
230 1435 301 1490 llist.
329 1435 375 1503 lll,
403 1438 446 1493 17.
482 1419 542 1500 ,Διὰ
569 1419 682 1488 ’τούτων
706 1428 915 1508 τυραννίδα
942 1418 997 1507 τὴν
1022 1430 1184 1492 Διονυσίου
1209 1426 1317 1489 aert-

231 1518 328 1575 tuoe.
349 1547 392 1561 --
419 1518 496 1576 Mori
509 1532 570 1590 per¹
582 1519 705 1572 virtatem
726 1518 754 1572 in
770 1517 872 1573 eadem
887 1519 1023 1574 sententia
1040 1519 1110 1574 dixit
1125 1524 1221 1574 auctor
1236 1516 1316 1573 Catil.

160 1652 165 1661 .
230 1621 257 1659 c.
271 1604 333 1678 XX,
350 1610 376 1664 9.
397 1635 440 1648 -·
469 1602 604 1671 Quoniam
625 1603 829 1675 explicavimus
848 1602 961 1676 adlug.
977 1604 1062 1676 111,1.
1078 1621 1106 1676 p·
1122 1608 1165 1663 14.
1193 1603 1228 1659 cl.
1246 1603 1316 1657 lloe-
1359 1629 1366 1636 ·

231 1689 330 1746 derlin.
347 1689 504 1762 Synooym
526 1688 589 1743 Vol.
605 1687 627 1742 1.
642 1689 731 1758 prael
749 1705 779 1761 p.
794 1687 897 1743 XXIV.
920 1717 964 1728 -
992 1689 1039 1744 Ad
1060 1691 1149 1746 verba
1173 1689 1217 1745 vel
1235 1687 1317 1762 ferro

218 1777 312 1846 septis
322 1775 420 1830 Douza
435 1773 609 1845 comparavit
623 1774 749 1855 Propert.
764 1773 809 1846 111,
822 1777 865 1841 16,
877 1778 920 1832 25.
943 1774 1004 1844 (lv,
1016 1776 1059 1843 17,
1072 1781 1115 1834 25.
1129 1773 1176 1830 cd
1188 1771 1318 1840 Lachm)

167 1858 282 1922 ltte
296 1860 358 1915 ticet
376 1859 483 1934 ferro
498 1864 595 1915 cautas
609 1873 646 1914 se
661 1849 790 1915 condat
803 1864 836 1916 ct
857 1873 955 1930 aere,
976 1858 1056 1916 Mors
1074 1867 1164 1916 musea
1182 1859 1319 1916 memsam

224 1945 369 2016 protrahit
392 1945 456 2000 inde
477 1949 635 2016 capst—
592 1943 793 2000 -Eetrema
813 1947 962 2000 necessitas
979 1961 1035 2002 non
1053 1952 1096 2001 est
1115 1943 1251 2002 moresne
1269 1957 1318 1999 ne·
1384 1997 1388 2004 .

228 2032 354 2095 cessitas
384 2046 486 2102 quom
508 2033 643 2085 actara
669 2031 748 2101 ipsa
774 2029 909 2107 affert,
942 2029 995 2085 sed
1017 2048 1089 2103 quae
1110 2021 1176 2086 ante
1194 2029 1279 2084 tinem
1302 2043 1336 2087 a,

230 2121 329 2170 natura
349 2115 528 2170 constitutum
543 2129 601 2186 per
615 2115 667 2169 uim
681 2116 847 2187 iurpoaitar;
869 2115 904 2170 cl.
921 2114 1009 2171 Tacit.
1025 2116 1139 2172 Annall.
1154 2115 1217 2182 XV,
1230 2119 1275 2181 61,
1291 2117 1318 2170 4.

229 2199 382 2256 Intromrsit
402 2201 441 2255 od
455 2199 687 2256 Scaecomeaam
703 2214 741 2256 ea
763 2199 979 2267 centurionibus,
1002 2202 1051 2272 qai
1072 2201 1318 2258 necessitatem

230 2282 393 2340 ultimam
405 2285 597 2341 desuesceret
625 2283 748 2340 id.Hist.
769 2284 875 2356 1,s,1.
898 2282 1100 2356 Supremas
1120 2285 1319 2340 claromari-

229 2385 327 2426 rarum
341 2371 592 2426 necessitates
623 2368 659 2424 ib.
676 2369 697 2438 l,
713 2372 757 2438 12,
771 2372 798 2428 d
824 2367 980 2442 Tuellrirus,
1001 2376 1319 2460 acceptosapremae

229 2457 464 2512 necessitatis
483 2456 593 2522 aeneo,
606 2457 694 2510 secret
706 2454 816 2528 fauces.

317 2545 343 2606 9
361 2544 403 2600 16
424 2542 473 2612 qui
481 2541 668 2612 praemia-
684 2534 842 2615 queror).
877 2540 926 2596 lta
941 2541 1061 2596 exstat'
1054 2558 1083 2596 rn
1103 2541 1213 2597 Vaticc.
1230 2541 1319 2596 omoi-

231 2627 292 2682 bus.
320 2663 322 2667 -
337 2625 368 2680 ln
383 2625 455 2680 Ball.
470 2631 514 2681 est
526 2641 645 2697 quaero,
661 2625 737 2697 quod
752 2626 911 2682 Gronovius
926 2627 1011 2682 eliam
1026 2643 1063 2682 ex
1078 2627 1241 2682 coniectura
1253 2642 1318 2698 pro·

209 2751 211 2756 .
230 2711 340 2782 posuit3
359 2710 410 2766 sed
425 2711 487 2768 ista.
495 2712 648 2782 scriptura,
670 2727 754 2784 quam
776 2709 884 2769 Cottius
900 2727 956 2770 noa
973 2713 1075 2770 υιυὶυυι
1090 2711 1172 2782 dicit,
1202 2712 1320 2768 multum

137 2799 146 2816 ⁸
232 2812 332 2852 aveto
348 2795 489 2852 abhorret.
534 2797 670 2852 Nimirum
689 2799 777 2854 verba
794 2813 830 2852 ex
844 2797 963 2853 relativo
979 2804 1043 2869 apta
1058 2813 1114 2854 non
1131 2803 1195 2854 eunt
1212 2795 1321 2864 Sullae,

231 2896 379 2960 caussam,
404 2895 453 2936 cur
468 2881 605 2955 Lepidum
620 2879 786 2938 seditiosum
810 2881 926 2950 habeat,
953 2881 1116 2957 afferentis,
1142 2883 1194 2940 sed
1220 2881 1319 2954 Lepidi
1431 2893 1438 2902 ²

183 3034 187 3040 1
232 2965 341 3037 ipsius,
357 2963 426 3020 illud
441 2963 546 3018 crimen
563 2966 636 3020 lacto
651 2963 862 3035 redarguentis3
879 2981 981 3022 sensus
993 2973 1037 3023 eet
1048 2969 1136 3024 enim:
1154 2967 1320 3024 seditiosum

223 3066 277 3104 me
299 3055 382 3105 vocat
399 3048 491 3117 Sulla,
515 3051 668 3122 qeipctius,
683 3048 718 3104 de
734 3048 822 3104 turbis
838 3051 873 3103 ab
888 3065 922 3103 eo
934 3051 1062 3110 excitatis
1077 3066 1197 3122 queram
1216 3053 1319 3106 bellum

160 3173 162 3178 ,
181 3171 183 3176 .
233 3151 277 3190 me
292 3151 395 3207 cupere
413 3135 572 3204 insimulat,
594 3136 745 3208 qrsipotiasss
756 3133 786 3190 id
795 3134 920 3206 postulo,
938 3138 969 3188 ut
983 3136 1048 3190 iera
1057 3137 1155 3207 pacis,
1172 3135 1253 3189 nobis
1269 3149 1320 3204 pet

232 3221 309 3276 illum
328 3214 441 3294 erepta,
463 3223 653 3278 restituantur·
698 3220 777 3276 Hanc
797 3218 1013 3291 explicationem
1031 3235 1130 3292 veram
1153 3212 1242 3287 esse,
1264 3223 1321 3272 tum

233 3306 296 3378 ipsa
309 3306 447 3362 sententia
459 3305 598 3375 declarat,
615 3311 672 3362 tom
687 3322 724 3360 ex
739 3295 773 3360 eo
787 3305 964 3378 perspicitur,
977 3305 1068 3377 qnod,
1087 3305 1112 3362 si
1121 3303 1217 3361 Sullae
1231 3304 1320 3360 verba

234 3397 346 3464 essent,
364 3393 560 3448 coniunctivus
576 3394 757 3448 necessarius
773 3391 858 3461 loret3
882 3391 917 3446 cl.
932 3390 1070 3462 Krucgeri
1091 3391 1213 3446 Gramm.
1229 3391 1277 3445 lat.
1291 3392 1320 3454 9.

233 3479 335 3546 60911.
350 3481 413 3536 825.
456 3477 559 3533 Bremi.
578 3477 615 3532 ad
630 3477 702 3550 Nep.
715 3475 783 3534 Milt.
800 3492 825 3532 c.
841 3477 867 3544 7,
884 3482 912 3534 5.
950 3475 994 3530 Ex
1009 3475 1111 3532 eadem
1125 3491 1229 3532 caussa
1243 3479 1321 3548 patet

233 3575 290 3616 non
304 3561 372 3615 terri
392 3578 479 3631 posse
494 3565 576 3633 quia
592 3563 669 3631 iera,
690 3567 720 3617 ut
734 3559 844 3617 Cottius
860 3559 927 3616 edd.
945 3561 1050 3632 antiqq.
1066 3567 1180 3634 secutus
1198 3561 1320 3633 scripsit,

234 3647 279 3702 cui
295 3645 407 3701 lectioni
423 3645 504 3702 etiarn
524 3646 609 3702 codd
623 3648 783 3703 auctoribus
799 3649 891 3704 obstat
910 3651 938 3701 et
952 3647 1116 3702 necessaria
1133 3647 1321 3702 membrorum

196 3749 199 3755 ·
234 3730 400 3804 aequalitas
437 3728 566 3786 Ceterum
586 3734 666 3802 queri
679 3732 784 3805 etquid
796 3732 897 3788 eodem
912 3731 997 3787 modo
1016 3731 1195 3800 dictumest,
1214 3737 1243 3787 ut
1265 3732 1320 3786 ioe-

233 3819 291 3872 tari
311 3815 430 3888 aliquid,
459 3814 494 3871 de
522 3831 577 3888 qua
603 3822 741 3874 structura
764 3833 794 3873 v
816 3816 854 3872 ad
876 3815 955 3900 Catil.
982 3815 1069 3885 (11.1,
1090 3819 1255 3890 2911251.
1279 3843 1322 3854 -

218 3889 845 3982 ΙΒυΙΙυυνυνρνύυε11111115511111111111111111,
867 3895 924 3966 non
941 3901 1027 3958 belli
1045 3903 1176 3976 caepione,
1199 3901 1322 3973 explica-

234 3991 291 4042 tum
310 3985 347 4042 ad
364 3984 424 4044 Cat.
448 4004 474 4042 o
489 3985 567 4055 V,a.
592 3977 628 4041 cl.
621 3985 766 4044 Gramm.
780 3989 828 4046 lat.
846 3993 935 4046 nostr
951 3990 1046 4056 §.rsa
1059 3986 1144 4046 ma
1159 3988 1188 4044 1).
1201 3985 1251 4042 dd
1263 3993 1322 4042 not.

253 4110 347 4223 9
365 4103 409 4218 ll·
454 4155 576 4225 Scilicet,
592 4157 656 4229 quia
674 4159 742 4227 etc.)
786 4158 836 4214 Hls
851 4131 946 4214 verbis
964 4155 1108 4230 Lepidus
1101 4157 1207 4215 ironice
1223 4173 1322 4214 veram

235 4257 368 4300 caussam
383 4231 523 4311 declarat,
545 4259 595 4298 cur
612 4257 629 4298 a
644 4241 723 4300 Sulla
738 4243 889 4300 seditiosus
904 4246 932 4299 et
945 4243 1049 4300 bellum
1064 4243 1182 4316 cupiens
1198 4243 1321 4310 dicatum

236 4343 300 4394 eam
314 4327 389 4382 enim
405 4343 471 4390 esse
485 4326 580 4384 Sullae
606 4333 741 4398 mentem,
767 4335 797 4384 ut
812 4345 909 4386 omnes
934 4329 1002 4384 velit
1020 4328 1208 4384 miserrimum
1228 4341 1322 4386 rerum

280 4411 407 4470 s'nncssrr
427 4429 529 4469 1111111.
784 4467 786 4472 s
1094 4407 1116 4470 4
