3098 4970
459 346 709 408 msrcnmnun
730 344 965 406 FRAGMENTA.
1008 349 1077 405 rna.
1099 349 1122 404 1.
1271 335 1333 405 ltt

351 544 404 624 90,
442 535 498 606 De·
511 537 679 628 praelecto
697 535 789 605 urbis
806 531 900 628 quasi
918 553 1117 626 possessore
1136 531 1335 624 reipublicae

250 683 373 756 magna
399 663 562 756 utrimque
589 661 624 732 vi
650 660 919 732 contendebatur.

250 867 304 936 lV,
325 871 388 928 283·
406 875 435 924 ut
455 869 588 940 probaret
604 868 734 924 ambira
753 865 870 940 aliquem
891 869 975 922 etiarn
997 865 1036 921 ita
1056 865 1127 935 dici,
1146 869 1177 920 ut
1196 863 1336 937 significet

152 947 155 954 ⁴
238 949 521 1027 ‘ropareatiqaen
551 951 642 1020 Qumn
659 953 737 1008 multi
761 952 870 1010 Octavii
885 959 912 1008 et
927 949 1085 1022 Caepiones
1100 947 1207 1006 Romae
1224 946 1334 1017 luerint,

252 1053 308 1092 non
329 1035 417 1110 plane
434 1043 540 1093 certum
560 1043 617 1105 est,
640 1053 778 1110 quosnam
798 1037 964 1110 intellexerit
983 1035 1150 1104 Sallustius;
1170 1037 1264 1091 tamen
1287 1033 1336 1090 ali·

252 1137 334 1194 quarn
350 1120 604 1178 verisimilitudinis
625 1123 750 1195 speciem
768 1121 853 1179 habet
867 1139 917 1180 eos
936 1120 1105 1194 significari,
1123 1120 1159 1176 de
1175 1121 1276 1192 quibus
1292 1117 1336 1176 Ci-

253 1223 319 1262 cero
346 1207 518 1279 loquiturin
543 1207 629 1263 Bruto
650 1225 675 1263 c.
698 1212 748 1278 δῇ,
769 1213 832 1267 m.
867 1205 1123 1276 Montaniana,
1147 1205 1196 1263 Cn.
1218 1205 1269 1276 m,
1289 1203 1338 1277 pat

253 1297 356 1348 tantam
368 1295 529 1348 aacwritate
543 1293 710 1366 deendoqae
723 1293 819 1363 sabat,
834 1297 865 1349 at
878 1294 963 1366 iepem
977 1290 1169 1364 Semproniam
1175 1291 1336 1363 fulmenta-

252 1379 323 1432 mam
334 1379 434 1450 popuii
447 1377 603 1450 frequentis
616 1377 761 1450 suffragiis
777 1379 959 1450 abrogaverit,
975 1405 1017 1415 -
1033 1377 1201 1432 abducamus
1215 1391 1254 1432 ess
1266 1377 1336 1446 acie,

253 1468 279 1517 et
292 1463 321 1518 in
337 1462 490 1534 praesidiis
511 1462 677 1534 reipublicae
693 1463 863 1518 collocemus.
894 1461 1000 1518 Eam
1015 1460 1046 1528 Q.
1062 1460 1271 1533 Caepionem
1291 1475 1336 1514 re·

252 1546 369 1620 serrem,
385 1545 440 1604 nisi
451 1547 531 1602 minis
545 1547 665 1620 equestri
678 1545 770 1602 orsini
783 1547 888 1626 dedfflss
901 1564 919 1603 a
934 1552 1032 1602 senatu
1047 1545 1210 1601 masmae.
1242 1545 1280 1599 be
1296 1543 1335 1600 ld.

255 1631 371 1688 Octavio
386 1633 422 1688 cl.
437 1636 586 1704 praeterea
600 1631 663 1688 Ger.
678 1631 771 1688 Beier.
793 1631 829 1687 ad
844 1631 903 1688 (lic.
917 1631 953 1686 de
968 1631 1024 1690 On.
1039 1631 1077 1700 ΙΙ,
1098 1635 1147 1699 Μ’,
1167 1633 1212 1690 'll-
1228 1647 1257 1701 p·
1275 1633 1335 1694 140.

254 1715 313 1773 Sed
328 1733 413 1789 quum
426 1733 544 1788 prorsus
557 1715 702 1790 ignoretur
713 1717 749 1772 de
764 1733 885 1790 quanam
900 1723 930 1772 're
946 1717 975 1772 in
989 1715 1218 1772 antecedentibus
1232 1712 1336 1771 dictum

256 1803 353 1870 luerit,
375 1819 410 1858 eo
433 1803 597 1858 necessario
614 1803 747 1871 erneisus,
769 1809 799 1858 ut
813 1817 904 1875 neque
924 1818 996 1874 quas
1012 1801 1121 1860 Octavii
1145 1808 1172 1856 et
1187 1799 1336 1872 Caepionis

255 1887 381 1943 actiones
398 1887 473 1955 dicat
489 1893 586 1944 auctor
601 1889 741 1958 sciamus,
763 1903 853 1960 neque
874 1879 928 1960 quo
951 1887 1070 1944 oonsilio
1088 1903 1181 1958 quove
1201 1887 1264 1943 loco
1285 1903 1336 1942 eas

254 1973 379 2027 retulerit
401 1973 569 2028 constituere
589 1974 743 2044 possimus.
780 1973 967 2042 Quamobrem
988 1973 1124 2028 rationem
1144 1987 1161 2027 a
1183 1970 1336 2027 Debrossio

256 2062 283 2111 et
304 2055 452 2113 (astachio
467 2057 532 2113 Vol.
546 2057 593 2113 ΙΙΙ.
608 2075 637 2130 p.
651 2061 697 2120 76.
711 2058 824 2130 initam,
846 2059 951 2130 quippe
968 2073 1041 2130 quae
1057 2055 1253 2113 incertissimis
1272 2071 1337 2111 corr-

256 2142 370 2197 iecturis
388 2143 499 2210 nitatur,
517 2142 647 2198 intactam
662 2142 863 2214 relinquemus.
878 2170 922 2182 -
949 2141 1031 2211 Quod
1046 2141 1083 2197 ad
1099 2143 1186 2198 verba
1200 2142 1264 2212 ipsa
1278 2142 1337 2196 atti-

255 2231 317 2294 net,
340 2229 400 2282 sine
418 2229 523 2300 prasi
540 2229 701 2299 utinquam
714 2229 919 2299 exspectatione
938 2233 1000 2282 est:
1017 2243 1100 2300 wasa
1118 2241 1197 2282 nesno
1216 2226 1247 2281 id
1265 2243 1336 2280 ma·

254 2323 410 2383 paopere
424 2317 607 2384 easpectaret.
617 2339 661 2351 -
674 2312 699 2367 Α
705 2311 772 2367 sabi
777 2313 805 2366 ti
818 2311 880 2384 ipse
889 2311 1006 2370 Servius
1017 2310 1147 2367 docuitb.
1159 2313 1178 2366 l.
1188 2310 1263 2366 idem
1272 2325 1337 2367 esse

256 2401 339 2467 atque
352 2399 449 2468 rapat.
1258 2409 1260 2414 ’

337 2481 384 2536 lis.
398 2485 443 2540 90.
478 2481 575 2551 [Deest
596 2480 673 2552 apud
690 2479 779 2552 Cort,
804 2481 879 2538 Gesl.
896 2481 943 2537 ed.
959 2482 1024 2536 mai.
1041 2486 1070 2535 'et
1086 2479 1169 2538 liebr.
1190 2509 1233 2521 --
1261 2481 1337 2538 Gerl.

257 2563 303 2620 ed.
321 2569 388 2622 min.
406 2566 433 2634 I,
453 2569 498 2626 38.
517 2583 546 2638 p.
563 2570 628 2635 186,
652 2568 692 2635 8.]
735 2566 933 2639 Fragmentum
953 2582 1052 2623 recens
1073 2568 1194 2624 accessit
1211 2581 1247 2621 ex
1265 2567 1338 2624 Aru-

258 2651 330 2706 siani
343 2650 407 2706 eod.
426 2651 499 2706 Gud.
522 2669 551 2724 p.
565 2656 627 2710 252.
645 2651 692 2709 ed.
707 2651 787 2708 Lind.
832 2653 886 2707 Pro
903 2663 1081 2724 possessore,
1101 2667 1173 2724 quse
1187 2653 1338 2709 verissima

258 2743 301 2791 est
316 2736 498 2791 Lindernanni
513 2735 689 2803 emendate,
711 2738 740 2791 in
756 2737 819 2792 eod.
836 2743 967 2808 corrupte
983 2737 1085 2809 legitur
1093 2738 1250 2808 possessio,·
1273 2753 1337 2793 nans

192 2855 195 2858 -
259 2835 344 2892 quum
367 2821 463 2874 ultima
483 2821 599 2891 genuini
615 2821 745 2876 vocabuli
764 2823 876 2893 syllaba
897 2837 965 2877 casu
986 2821 1156 2891 excidisset,
1184 2824 1247 2879 sive
1263 2819 1339 2896 quod

259 2905 361 2960 uncino
378 2904 516 2959 alitterae
532 2904 663 2975 imposito
680 2904 784 2975 scripta
799 2905 859 2973 luit,
875 2905 936 2960 sive
948 2905 1024 2976 quod
1038 2909 1168 2978 proxima
1182 2909 1292 2980 syllaba
1307 2921 1340 2963 re

259 3002 324 3044 eam
336 2987 487 3058 absorpsit,
496 2987 589 3043 scriba
603 3002 655 3056 pro
671 2987 776 3057 ingenii
788 2990 831 3044 sui
850 2995 934 3059 captu
944 3003 1075 3060 possesso
1090 2991 1117 3044 in
1125 2995 1265 3065 possessio
1280 3009 1339 3046 mu·

258 3079 336 3128 tasse
355 3071 478 3127 videtur.
523 3071 718 3126 maelecturse
734 3073 811 3128 urbis
831 3073 886 3127 tria
907 3079 987 3128 erant
1008 3089 1127 3146 genera,
1149 3081 1258 3132 tumre
1280 3081 1339 3132 tuin

258 3158 431 3228 temporibus
450 3155 574 3213 diversa.
619 3155 706 3212 Aliud
725 3159 804 3214 'euim
827 3157 877 3212 luit
903 3173 1005 3212 munus
1028 3159 1164 3229 praelecti
1186 3161 1262 3216 urbis
1286 3163 1339 3216 sub

191 3256 193 3259 ’
212 3291 214 3295 .
244 3311 245 3316 η
258 3243 373 3315 regibus
385 3241 472 3317 ‘atque
489 3242 541 3298 sub
556 3243 703 3299 consulunt
717 3242 852 3316 imperio,
870 3241 946 3300 aliud
958 3242 1090 3299 leriarmn
1109 3243 1257 3300 latinarum
1270 3251 1340 3302 tenr-

260 3343 338 3400 pore,
349 3326 427 3382 allud
439 3318 560 3398 denique
576 3329 628 3384 sub
644 3329 859 3398 imperatoribus
867 3329 901 3383 ab
910 3327 1039 3400 Augusto
1046 3329 1166 3400 primum
1174 3329 1338 3386 institutum.

258 3413 311 3468 Ubi
325 3412 399 3468 enim
419 3427 470 3468 rex
485 3419 531 3467 aut
541 3415 631 3468 'ambo
648 3414 780 3468 consules
796 3413 861 3468 belli
876 3428 980 3470 caussa
993 3409 1083 3470 Roma
1101 3415 1232 3483 aberent,
1254 3416 1340 3488 elige·

259 3499 326 3554 bant
340 3497 490 3568 potestatis
506 3513 575 3552 suae
591 3497 620 3552 in
633 3500 700 3553 urbe
715 3495 862 3567 vicarium,
880 3495 926 3568 qui
939 3497 1106 3570 praefectus
1123 3499 1189 3556 urbi
1202 3499 1341 3559 velariis

260 3581 352 3638 dictus
369 3597 497 3638 summae
514 3596 608 3637 serum
620 3580 660 3636 ita
680 3588 826 3653 praesset,
855 3588 885 3637 ut
899 3587 927 3636 et
948 3583 1171 3640 iurisdictionem
1185 3591 1340 3654 exerceret,

180 3738 184 3749 ι
259 3674 287 3722 et
304 3667 402 3722 urbem
417 3671 475 3721 turn
491 3669 526 3724 ab
540 3668 664 3722 externis
686 3672 745 3722 lum
759 3669 794 3722 ab
813 3665 952 3724 intestinis
968 3668 1101 3740 periculis
1115 3675 1202 3726 tutam
1216 3677 1341 3744 praesta·

260 3757 316 3821 ret,
338 3756 367 3805 ct
380 3751 425 3806 ius
440 3757 567 3810 senatum
585 3749 761 3808 convocandi
778 3759 805 3807 et
822 3753 859 3808 ad
875 3769 939 3809 eum
952 3753 1095 3809 relerendi
1111 3755 1237 3812 baberet.
1282 3755 1343 3828 Sed

260 3836 394 3892 abolitum
409 3840 453 3892 est
466 3835 521 3892 hoc
537 3836 709 3905 institutum,
733 3853 769 3893 ex
784 3853 839 3910 quo
865 3842 991 3910 ternpore
1020 3840 1062 3908 (s.
1080 3841 1141 3900 367.
1166 3857 1192 3896 a.
1211 3841 1276 3899 Chr.
1298 3842 1341 3910 n.)

246 3926 372 3992 praetor
386 3923 510 3978 urbanus
531 3922 620 3976 creari
642 3923 759 3992 coeptus
782 3928 840 3992 est,
863 3922 911 3994 qui
934 3924 1091 3980 absentium
1109 3927 1255 3983 consulum
1276 3927 1341 3983 vice

261 4007 445 4079 irrogabatur,
461 4011 488 4062 et
503 4011 560 4062 turn
578 4005 697 4062 militare
715 4023 825 4080 quoque
840 4006 962 4065 habebat
976 4009 1133 4080 imperium.
1175 4002 1279 4068 Nullus
1290 4013 1342 4084 igi-

259 4097 304 4146 tur
320 4091 374 4146 luit
388 4105 440 4163 per
460 4093 515 4148 tria
530 4091 644 4148 saecule
665 4087 835 4162 praelectus
845 4093 924 4166 urbi,
953 4093 1044 4149 donec
1062 4099 1340 4165 capuanense.

260 4191 286 4231 a.
310 4173 374 4232 Chr.
398 4192 426 4230 n.
451 4193 503 4248 per
524 4177 561 4231 M.
583 4175 736 4232 Antonium
757 4181 891 4233 revocata
913 4178 1062 4250 aliquoties
1091 4177 1152 4234 al.
1172 4180 1294 4238 Caesare
1314 4187 1343 4236 et

259 4259 425 4329 Octaviano,
446 4260 513 4316 dum
529 4263 563 4318 ab
580 4263 648 4318 urbe
664 4262 787 4330 aberant,
809 4259 840 4316 in
852 4258 981 4335 singulos
995 4263 1096 4318 collata
1112 4271 1165 4321 est.
1196 4268 1341 4322 Postremo

303 4361 428 4401 smnusrr
444 4360 548 4400 sanos.
692 4367 708 4375 ¹·
978 4354 982 4359 “
1115 4340 1136 4405 8
