3062 4958
461 407 707 465 lllSTORlARUM
730 409 964 465 FRAGMENTA.
1007 409 1075 465 LlB.
1098 410 1142 465 lll.
1270 399 1333 465 277

251 618 314 668 vos
340 595 513 665 multitudo
540 594 683 693 singulis
707 597 877 668 habendos
904 599 1130 691 fruendosque
1157 595 1332 687 praebetis,

252 723 342 808 exuti
368 721 538 806 omnibuS,
567 743 652 815 quae
670 722 812 792 maiores
830 721 1008 816 reliquere,
1037 723 1099 793 nisi
1119 721 1196 815 quia
1215 721 1334 802 vobis-

252 851 318 916 met
342 847 430 938 ipsis·
448 869 508 937 per
534 847 708 940 suffragia,
728 846 773 915 uti
799 844 969 936 praesides
997 843 1089 931 olim,
1114 868 1201 916 nunc
1224 836 1333 916 domi-

212 973 237 1036 ..7
253 991 315 1071 nos
342 971 523 1043 destinatis.
556 974 669 1065 ltaque
697 953 893 1041 concessere
924 969 1001 1039 illuc
1029 993 1159 1056 omnes,
1181 975 1220 1042 'et
1243 995 1332 1057 mox,

253 1095 280 1164 si
290 1072 295 1150 s
308 1097 423 1165 vostra
451 1097 655 1188 receperitiS,
683 1097 724 1166 ad
749 1119 813 1166 vos
841 1089 1008 1188 plerique,
1034 1097 1119 1166 raris
1147 1097 1233 1167 enirn
1258 1100 1334 1168 ani-

252 1223 326 1288 mus
353 1221 472 1289 estad
499 1243 553 1306 ea,
583 1243 667 1314 quae
693 1221 840 1312 placent,
876 1219 1099 1309 defendenda3
1126 1223 1224 1292 ceteri
1246 1223 1333 1292 vali-

223 1343 382 1413 sdiorum
412 1347 498 1414 sunt.
552 1345 605 1416 An
638 1345 771 1416 dubium
804 1343 948 1428 habetis,
975 1366 1054 1414 num
1086 1346 1222 1418 officere
1256 1348 1334 1450 quid

254 1603 271 1641 a
286 1585 371 1640 codd.
388 1601 442 1639 non
459 1573 715 1639 est''recedenclum.
734 1583 770 1637 cl.
788 1583 909 1637 Gramm.
927 1585 974 1638 lat.
995 1589 1081 1640 nostr.
1099 1587 1124 1650 S.
1146 1591 1210 1654 121,
1227 1591 1270 1644 10.
1285 1570 1335 1642 ad-

255 1671 350 1726 ditam.
368 1677 394 1728 2.
415 1687 444 1741 p.
466 1664 528 1727 3·11’.’
543 1665 663 1740 Krtigeri
680 1668 801 1724 Gramm.
819 1669 864 1724 lat.
881 1671 906 1732 s.
923 1670 984 1727 417.
1001 1687 1031 1740 p.
1045 1675 1106 1728 555.
1229 1673 1231 1678 '

262 1754 265 1759 ’
338 1758 362 1821 S.
380 1757 405 1813 7.
433 1767 593 1810 concessere
607 1754 672 1808 illuc
686 1753 790 1820 omnes)
809 1751 919 1808 Cortius
937 1759 964 1808 et
979 1753 1143 1810 Gerlachius
1160 1755 1188 1808 in
1205 1754 1252 1810 cd.
1269 1757 1333 1814 mai.

254 1847 350 1897 contra
365 1839 450 1895 codd.
474 1838 623 1894 ediderunt
642 1855 718 1893 conc.
742 1839 816 1894 illic
833 1851 940 1908 omnes,
957 1839 1059 1894 eodem
1078 1841 1262 1908 soloecismo,
1278 1856 1334 1912 quo

253 1922 297 1981 Fr.
311 1926 339 1993 -Ι,
357 1931 398 1983 11.
416 1925 588 1996 scripserunt
602 1926 631 1978 in
645 1925 744 1996 proti
749 1941 767 1977 α
782 1925 940 1980 concedere.
958 1955 993 1963 —
1004 1923 1086 2000 -Ittuc
1103 1932 1147 1980 est
1162 1926 1200 1979 oct
1216 1927 1276 1981 ittos
1292 1945 1332 1982 sc.

255 2011 383 2065 dominos
398 2016 525 2077 vestros3
542 2010 577 2064 cl.
594 2008 632 2063 ad
647 2008 726 2064 Catil.
745 2027 769 2063 c.
786 2009 827 2075 V,
843 2013 870 2066 2.
886 2026 914 2080 p.
935 2012 978 2067 rt.
998 2016 1025 2064 et
1041 2009 1076 2064 ad
1093 2011 1153 2082 lug.
1174 2025 1198 2064 c.
1214 2009 1289 2077 Xlll‚
1306 2018 1332 2070 5.

253 2114 281 2169 p.
296 2099 341 2154 68.
355 2123 396 2140 --
412 2095 452 2149 Et
461 2093 599 2166 particula
614 2098 677 2148 ante
698 2109 764 2149 mox
782 2094 846 2147 lerri
869 2093 982 2164 quidem
996 2100 1105 2166 potest,
1126 2094 1177 2149 sed
1195 2102 1287 2150 tamen
1306 2097 1334 2150 in

254 2186 352 2251 aperta
369 2179 547 2250 oppositione
563 2179 695 2233 conversi
711 2193 804 2232 rerum
820 2183 908 2232 status
930 2180 1031 2233 mirum
1053 2183 1186 2250 quantum
1208 2181 1332 2252 languet.

253 2266 345 2333 Quare
355 2263 436 2318 haud
453 2264 511 2319 scio
529 2278 564 2317 an
574 2262 729 2318 Sallustius
747 2267 777 2316 ot
791 2263 945 2333 scripserit.
961 2291 1002 2302 —-
1015 2263 1061 2318 Aa
1072 2279 1119 2319 vos
1128 2265 1271 2335 plerique,
1292 2281 1333 2320 sc.

253 2347 424 2418 concedent;
442 2350 478 2403 cl.
495 2347 532 2403 ad
545 2348 605 2419 lug.
615 2347 797 2418 nxxnrp.
809 2350 871 2406 398.
886 2347 920 2401 ld
936 2365 991 2402 non
1009 2352 1156 2416 assecutus
1169 2348 1333 2406 Gerlachius

254 2437 282 2489 in
298 2433 343 2490 ed.
359 2434 424 2489 mai.
442 2450 477 2488 ex
491 2433 663 2503 interpolatis
679 2431 745 2487 edd.
762 2432 904 2490 veteribus
921 2434 1034 2505 scripsit
1047 2435 1086 2488 act
1102 2447 1149 2490 ros
1166 2433 1335 2490 redibant

247 2521 384 2592 plerique.
407 2520 521 2574 -Pro
544 2520 637 2585 raris,
661 2518 679 2573 i.
704 2535 729 2572 e.
747 2519 863 2589 pouces,
887 2517 954 2574 edd.
978 2519 1129 2574 nonnullae
1149 2519 1332 2592 interpolatae

184 2655 186 2658 .
251 2605 355 2660 habent
368 2617 462 2659 rorns.
478 2603 552 2675 Apte
566 2605 655 2658 Faber
677 2603 793 2659 contulit
814 2593 901 2659 Tacit.
922 2604 994 2661 Hist.
1015 2605 1041 2672 l,
1059 2609 1103 2664 81.
1134 2603 1210 2659 Ruri
1230 2605 1332 2672 domos,

247 2691 365 2762 plurimi
375 2691 526 2745 amicornm
540 2683 609 2744 tecta
621 2691 760 2760 petivere·
772 2688 864 2743 Germ.
880 2707 904 2744 c.
921 2695 949 2747 2.
978 2687 1104 2745 Oceanus
1121 2692 1198 2744 rorr's
1218 2689 1334 2746 chorbe

192 2823 205 2828 ..
251 2780 345 2830 nostro
358 2774 471 2830 naribus
486 2774 586 2828 odimr.
604 2802 646 2814 —-
662 2773 751 2830 Ceteri
764 2779 827 2828 sunt
841 2774 947 2844 iprensi,
963 2776 1010 2846 qui
1025 2775 1093 2830 nihil
1109 2774 1213 2829 audent
1228 2775 1264 2830 ad
1283 2792 1333 2847 po·

253 2860 365 2914 tentiam
380 2856 522 2913 tuendam.
540 2855 663 2925 Cortius,
682 2859 727 2927 qui
745 2873 801 2911 non
820 2857 955 2922 intellexit
971 2860 1095 2914 Macrum
1112 2860 1173 2913 loco
1192 2863 1332 2924 communi

254 2945 291 3000 uti
309 2942 345 2998 ad
360 2941 576 3013 praecedentem
596 2941 761 2995 sententiam
777 2940 1011 3011 confirmandam,
1036 2945 1212 2999 verberaris
1231 2975 1266 2985 -
1284 2945 1333 3001 de-

251 3027 392 3101 fendenda
415 3025 577 3100 parenthesi
598 3025 723 3094 inclusit,
741 3031 768 3079 et
786 3030 878 3080 cetero
899 3043 951 3098 pro
976 3031 1061 3083 ceteri
1080 3027 1230 3083 scribendo
1249 3031 1333 3086 totius

255 3113 309 3168 loci
321 3129 436 3168 sensum
451 3112 594 3182 pervertit.
1301 3119 1304 3125 '

338 3203 365 3264 S·
382 3202 409 3257 8.
424 3213 490 3254 num
505 3196 634 3269 officere)
653 3193 762 3251 Cortius
777 3202 804 3249 et
821 3193 986 3250 Gerleohius
1005 3195 1033 3250 in
1056 3193 1103 3249 ed.
1119 3197 1184 3250 mai.
1199 3196 1333 3254 habetne

254 3283 382 3356 officere,
406 3283 510 3355 pariter
528 3287 624 3337 contra
646 3279 747 3351 codd.,
765 3287 847 3352 atque
865 3285 961 3336 contra
977 3281 1199 3359 grammaticam.
1223 3311 1260 3322 -
1285 3284 1334 3339 Ex

252 3370 373 3442 factione
388 3369 476 3423 media
491 3370 588 3424 conset
600 3368 692 3422 Faber
708 3368 905 3438 interpretatur
921 3367 969 3438 pai
981 3367 1023 3421 oet
1036 3368 1157 3442 monime
1175 3368 1215 3421 od
1232 3368 1332 3441 factio-

254 3457 315 3510 nem
324 3451 458 3526 pcrtinet,
474 3451 554 3525 quasi
571 3453 675 3508 dictum
693 3453 727 3506 sil
742 3467 780 3506 ecc
795 3453 881 3508 medio
897 3444 1035 3522 factionis.
1054 3450 1111 3508 Sed
1121 3453 1144 3506 si
1158 3452 1225 3524 quid
1237 3454 1333 3525 yideo,

255 3539 293 3596 ad
308 3542 390 3594 talem
406 3539 570 3594 sententiam
591 3538 754 3609 requiritur,
777 3543 806 3591 ut
828 3537 998 3594 adiectivum
1021 3537 1194 3593 substantivo
1214 3555 1334 3611 praepo-

255 3611 354 3693 natur,
371 3623 446 3695 quod
461 3630 489 3678 et
504 3625 573 3678 ratio
589 3623 652 3694 ipsa
668 3621 779 3676 dicendi
796 3622 895 3693 exigit,
918 3627 944 3676 et
959 3623 1088 3692 exempla
1109 3623 1259 3679 ostendunt
1266 3641 1274 3694 ;
1296 3625 1332 3679 cl.

255 3711 311 3768 Cic.
326 3709 397 3764 Phil.
413 3708 454 3776 V,
471 3713 520 3776 12,
537 3713 581 3766 32.
602 3706 690 3762 Alteri
701 3714 765 3761 sont
780 3719 796 3762 e
813 3707 941 3762 mediis
958 3707 987 3763 0.
1007 3707 1137 3764 Caesaris
1150 3709 1333 3780 portibus.

255 3797 290 3852 de
303 3797 389 3868 Legg.
402 3791 439 3861 ll,
457 3799 506 3860 21,
518 3796 563 3856 53.
580 3791 643 3848 Hoc
657 3807 672 3847 e
686 3793 795 3848 medio
811 3797 851 3846 est
865 3792 944 3847 inre
958 3794 1036 3848 civiti.
1055 3808 1095 3847 or.
1113 3793 1140 3848 in
1154 3792 1233 3850 Catil.
1250 3795 1298 3862 IV,
1306 3798 1333 3854 9.

252 3880 367 3937 Habetis
381 3881 517 3934 consulem
535 3893 573 3932 eor
588 3878 700 3933 medio
715 3884 825 3932 morte
837 3907 879 3916 -
892 3882 1070 3932 reservatum.
1094 3878 1207 3945 Quintil.
1226 3877 1290 3946 llll,
1307 3885 1333 3946 l,

252 3971 295 4026 28.
317 3965 367 4020 Ere
391 3964 517 4018 mediis
539 3964 690 4034 sapientiae
704 3964 919 4038 praeceptis
938 3965 1088 4018 orationem
1110 3963 1207 4019 trahet.
1241 3963 1333 4032 Quare

249 4053 398 4125 factionem
409 4048 525 4105 medinm
541 4063 557 4102 a
572 4049 667 4103 llllacro
684 4048 800 4122 intelligi
816 4054 882 4121 puto
898 4063 975 4116 cam,
990 4064 1062 4118 quae
1078 4050 1148 4102 inter
1162 4049 1333 4105 nobilitatem

252 4138 327 4208 plebi
344 4135 554 4191 infestissimam
569 4140 596 4188 et
612 4147 692 4188 acres
707 4133 881 4206 plebeiorum
900 4137 1125 4206 propugnatores
1142 4137 1223 4206 quasi
1239 4133 1334 4188 media

255 4224 304 4277 luit
317 4221 470 4276 moderatis
485 4221 605 4292 partium
622 4218 738 4288 studiis,
761 4235 851 4293 neque
867 4219 932 4274 huic
950 4220 1117 4287 sententiae,
1142 4237 1224 4292 quam
1246 4219 1333 4274 verba

255 4305 388 4378 suadent,
407 4312 544 4380 repugnat
564 4305 658 4364 Cottae
677 4306 765 4362 oratio
784 4306 820 4363 ad
834 4307 983 4380 populum,
998 4309 1068 4366 libro
1092 4309 1217 4369 secundo
1234 4304 1332 4365 relata.
