3062 4958
437 359 685 421 msronmauu
706 359 940 418 FRAGMENTA.
984 363 1050 420 ua
1068 323 1137 420 ms
1249 357 1314 424 zet

230 551 291 621 sibi
311 549 454 644 quisque
479 549 696 620 carissumum
723 551 810 622 domi
834 551 1015 636 recordari,
1040 552 1213 646 cunctique
1237 575 1312 622 om-

120 663 123 670 ’
232 677 320 745 nium
341 676 489 745 ordinum
518 680 663 746 extrema
691 678 802 748 munia
828 677 932 770 sequi.

332 808 383 870 90.
427 802 574 893 Namque
600 801 651 871 his
673 807 805 894 praeter
830 802 928 872 solita
950 801 1079 872 vitiosis
1109 802 1314 894 magistrati-

233 927 312 1010 bus,
338 947 438 1018 quum
467 947 681 1017 peromnem
711 927 913 1020 provinciam
941 925 1174 998 infecunditate
1206 927 1312 998 bienni

232 1052 385 1146 proxumi
408 1073 513 1146 grave
536 1051 675 1146 pretium
695 1053 855 1124 fructibus
883 1055 982 1122 esset.
1045 1140 1047 1150 y

233 1295 370 1354 &beato
384 1298 478 1352 mucio
493 1313 558 1358 cnm
573 1295 666 1355 Contio
684 1296 867 1366 intelligenda
887 1301 951 1351 sunt
969 1294 1004 1348 de
1020 1299 1177 1354 mammaea
1197 1294 1317 1364 militari,

233 1398 250 1438 a,
265 1380 397 1438 militibus
418 1380 444 1434 in
459 1397 571 1450 summo
594 1397 687 1438 rerum
707 1379 868 1436 discrimine
893 1397 924 1435 ac
952 1381 1001 1436 vix
1023 1379 1108 1436 dubia
1127 1385 1214 1440 morte
1231 1379 1319 1436 immi·

235 1471 316 1520 nente
333 1465 394 1520 fieri
408 1467 500 1534 solito,
516 1467 622 1522 omisso
638 1469 866 1523 testamentorum
882 1465 935 1521 ritu
950 1464 1077 1530 solenni;
1093 1465 1129 1518 ot.
1146 1464 1264 1536 Herzog.
1282 1465 1318 1520 ad

236 1549 316 1606 Caes.
331 1549 364 1604 B.
381 1549 412 1604 G.
426 1550 446 1616 Ι,
461 1554 505 1609 39.
524 1550 698 1606 mereshem.
714 1549 749 1604 ad
761 1547 836 1604 Flo'r.
851 1549 897 1617 ΙΙΙ,
916 1555 958 1617 10,
976 1555 1016 1608 12.
1036 1556 1063 1604 et
1075 1549 1211 1619 imprimis
1226 1548 1318 1606 Reinii

236 1635 281 1690 lus
296 1634 370 1706 priv.
386 1633 467 1690 Rom.
483 1653 511 1707 p.
531 1639 593 1694 374.
628 1635 727 1693 Mucia
746 1636 848 1705 sequi
867 1641 959 1690 autem
981 1634 1124 1704 significat
1139 1649 1174 1690 ,se
1196 1635 1267 1688 dare
1282 1633 1320 1689 ad

234 1719 482 1782 obeundamuaia5
497 1720 592 1776 cbl'r.
609 1722 643 1788 V,
660 1723 687 1778 8.
733 1719 822 1778 Ceteri
838 1722 983 1790 nepotis
1004 1719 1249 1790 sequebantur
1264 1719 1318 1790 fa·

235 1806 395 1866 miliario
411 1806 570 1876 lepotormn.
599 1805 706 1860 Eodem
722 1803 806 1859 modo
829 1804 905 1876 epod
920 1805 1031 1870 Terent.
1047 1803 1170 1874 Adelph.
1185 1804 1217 1870 ΙΙ,
1232 1810 1258 1871 2,
1274 1807 1319 1862 lo.

143 1951 144 1954 Ἴ
235 1891 293 1958 lites
307 1892 386 1960 acqui
398 1896 441 1945 est
456 1891 494 1944 od
508 1891 666 1962 torpendum
679 1905 711 1944 se
724 1888 870 1961 conferre..
910 1890 1008 1946 Ubiubi
1024 1895 1116 1946 autem
1137 1906 1183 1946 res
1201 1896 1263 1944 acta
1278 1896 1321 1952 est

236 1979 315 2040 (nam
330 1975 425 2044 'potuit
448 1976 492 2030 vel
507 1976 536 2030 in
554 1976 699 2046 Hispania,
717 1975 761 2029 vel
780 1975 807 2030 in
822 1975 1000 2044 Macedonia,
1024 1977 1071 2030 vel
1094 1975 1243 2044 inquovis
1264 1976 1320 2030 alio

234 2060 310 2116 illius
328 2061 463 2130 temporis
477 2061 551 2116 bello
570 2061 655 2128 ficri),
670 2061 725 2116 hoc
740 2058 930 2115 tantummodo
947 2067 1052 2114 certum
1070 2065 1121 2127 est,
1138 2059 1173 2114 de
1194 2059 1319 2114 Romano

236 2144 361 2212 exercitu
378 2144 449 2200 baec
465 2144 531 2212 dici,
548 2147 646 2216 procul
663 2144 784 2215 epatria
800 2145 828 2198 in
843 2145 966 2200 maximo
981 2145 1107 2215 periculo
1130 2151 1158 2199 et
1177 2145 1273 2199 mortis
1291 2145 1322 2198 ti-

236 2245 314 2286 more
331 2221 472 2286 versante.
518 2229 603 2284 Aliud
619 2228 766 2285 Gerlaebio
785 2229 905 2299 placuit,
930 2230 977 2300 qui
996 2230 1061 2284 Vol.
1076 2229 1119 2283 ΙΙΙ.
1134 2246 1161 2301 p.
1179 2232 1223 2286 90.
1245 2231 1324 2300 sepiri

236 2313 401 2372 mutandum
416 2320 513 2370 censet
527 2315 556 2368 in
570 2315 698 2387 eccequi,
719 2319 747 2367 et
764 2317 925 2368 ectremc
947 2317 1040 2370 munic
1058 2313 1253 2384 interpretatus
1275 2315 1320 2368 vi-

237 2401 375 2456 lissima
395 2399 505 2471 officio,
525 2397 729 2472 Cyzicenorum
753 2399 881 2454 virtutem
898 2405 925 2454 et
946 2399 1130 2454 constantiam
1152 2398 1198 2454 his
1226 2399 1321 2456 verbis

236 2485 360 2541 describi
377 2485 445 2553 vult,
460 2501 533 2556 quae
550 2485 709 2557 Fragmenti
732 2483 881 2556 explicatio
903 2492 1043 2542 extremae
1066 2483 1249 2540 absurditatis
1268 2491 1320 2538 cst.

157 2559 165 2566 ’
237 2571 282 2626 An
296 2587 352 2626 non
367 2569 519 2626 absurdum
536 2571 595 2639 est,
619 2578 648 2626 ut
662 2569 697 2630 de
715 2572 863 2626 verborum
879 2587 1016 2641 perversa
1037 2569 1264 2640 interpretatione
1283 2575 1322 2624 ta·

237 2673 326 2725 ceam,
342 2654 418 2728 quod
434 2654 575 2728 Cyziceni,
592 2657 636 2726 qui
654 2671 732 2710 suam
749 2657 846 2717 urbem
860 2655 1052 2721 defenderent,
1071 2655 1190 2725 quisque
1206 2655 1258 2710 sibi
1276 2671 1323 2710 ca-

238 2743 380 2797 rissimum
397 2741 470 2796 domi
495 2740 634 2796 recordati
657 2756 721 2796 csse
746 2729 896 2794 dicuntur?
941 2739 1054 2796 Scilicet
1074 2741 1215 2810 ignorauit
1235 2737 1272 2794 V.
1288 2739 1320 2793 D.

238 2827 392 2897 quamnim
408 2825 482 2879 domi
498 2842 555 2892 vox
570 2825 646 2896 apud
660 2824 803 2879 Romanos
819 2824 949 2893 baberet,
972 2838 1062 2895 neque
1078 2821 1148 2881 illud
1162 2824 1234 2880 vidit
1247 2824 1322 2880 ordi·

238 2925 287 2966 nes
301 2909 330 2964 h.
343 2912 361 2965 l.
375 2926 441 2964 esse
456 2910 623 2965 vocabulum
646 2909 760 2964 militiae
776 2924 919 2976 romanae,
935 2925 989 2981 quo
1003 2908 1195 2980 varii-gradus
1207 2909 1323 2965 militum

239 2995 478 3052 discernerentur.
500 2996 543 3061 (v.
560 2993 681 3064 Herzog.
700 2992 737 3047 ad
753 2991 832 3048 Caes.
851 2992 882 3046 B.
898 2995 931 3048 G.
944 2995 964 3062 l,
982 2997 1025 3061 40,
1042 3001 1068 3050 l.
1092 3000 1119 3048 et
1135 2989 1250 3063 Ruperti
1266 2995 1323 3047 An·

239 3081 306 3150 tiqq.
321 3097 392 3134 rom.
409 3073 475 3136 Vol.
492 3079 537 3136 ΙΙΙ.
551 3096 578 3150 p.
593 3080 686 3147 875.);
703 3077 732 3132 hi
748 3075 862 3132 ordines
878 3084 970 3132 autem
985 3077 1051 3149 quid
1069 3077 1104 3134 ad
1122 3075 1297 3149 Cyzicenos?

323 3166 368 3221 ΙΙ,
385 3168 427 3224 90.
460 3162 546 3232 [Cart.
562 3181 591 3237 p.
607 3167 667 3224 966.
693 3162 767 3218 Gerl.
784 3160 830 3218 ed.
846 3163 913 3218 mai.
925 3163 969 3231 ΙΙΙ,
986 3167 1029 3222 12.
1045 3161 1091 3224 ed.
1109 3163 1175 3218 min.
1191 3158 1236 3230 ΙΙΙ,
1250 3165 1280 3222 Ὶ7.
1294 3179 1323 3232 p.

239 3257 299 3317 215,
313 3255 358 3310 28.
375 3249 457 3305 Debr.
472 3249 505 3317 ΙΙ,
522 3246 594 3324 lon]
629 3249 710 3304 ·Non.
726 3249 773 3318 IV,
787 3251 848 3314 218.
863 3265 892 3318 p·
906 3252 967 3315 314,
982 3253 1025 3308 23.
1043 3245 1089 3302 ed.
1105 3247 1191 3304 Mero.
1222 3247 1324 3315 Quam,-

241 3352 323 3408 quam
340 3341 417 3390 certa
432 3336 580 3393 verborum
600 3335 749 3405 explicatio
768 3333 843 3388 nullo
858 3333 943 3391 modo
958 3339 1052 3404 potest
1067 3332 1140 3401 iniri,
1163 3339 1255 3390 tamen
1276 3331 1324 3388 vix

242 3421 356 3478 dubium
372 3425 423 3487 est,
444 3421 511 3490 quin
526 3421 712 3492 pertinuerint
735 3418 772 3476 ad
792 3435 839 3474 res
854 3418 1021 3491 Hispanicas
1045 3420 1107 3474 sive
1132 3417 1249 3476 Sertorii
1267 3419 1325 3474 bel·

241 3509 307 3574 lum,
326 3504 355 3560 id
372 3503 448 3575 quod
464 3505 610 3562 coniicitur
625 3522 661 3562 ex
671 3505 834 3576 presenciae
849 3503 1114 3560 commemoratione
1119 3518 1174 3574 per
1188 3503 1325 3558 biennium

238 3592 321 3664 prom
331 3605 449 3652 ,annona
472 3590 630 3647 loborantis.
648 3590 684 3646 ct.
698 3590 810 3660 Fragm.
828 3590 874 3660 ΙΙΙ,
890 3597 915 3656 Ι,
932 3596 957 3647 l.
972 3594 1001 3662 et
1020 3589 1156 3661 imprimis
1172 3583 1235 3654 §.9-
1262 3583 1325 3644 Plu-

241 3675 330 3733 tarch.
349 3676 376 3730 in
392 3676 490 3746 Pomp.
505 3693 531 3730 e.
546 3675 613 3744 XX,
636 3680 706 3730 extr.
723 3676 750 3730 in
769 3673 841 3730 Sert.
858 3693 883 3730 c.
896 3675 974 3742 ¹lle,
990 3680 1059 3732 extr.
1104 3675 1167 3744 Non
1187 3674 1326 3745 improba·

147 3786 149 3790 ¹
187 3776 188 3779 ’
240 3763 295 3819 bile
314 3761 398 3832 igitur
420 3760 549 3828 videtur,
565 3760 630 3816 huic
645 3755 813 3833 Fragmento
827 3761 985 3830 proximum
1003 3765 1067 3832 post
1081 3761 1205 3830 Pompeii
1222 3759 1325 3830 episto-

241 3851 296 3916 lam
312 3848 399 3904 luisse
416 3846 524 3914 locum,
545 3862 628 3916 quum
649 3851 868 3905 consentaneum
891 3846 942 3913 sit,
968 3844 1131 3902 Sallustium
1155 3844 1190 3899 de
1209 3843 1325 3900 caussis

241 3933 353 4010 inopiae
366 3936 393 3986 et
408 3931 500 4000 samis,
517 3930 552 3986 de
569 3931 780 4002 quaPompeius
795 3935 943 4002 tantopere
957 3931 1092 4002 queritur,
1109 3929 1249 3999 quaedam
1262 3931 1326 3984 sub-

241 4019 358 4090 iecisse,
384 4023 410 4070 et
432 4017 493 4070 eius
517 4017 556 4072 rei
577 4015 687 4086 eulpam
709 4015 785 4074 baud
809 4017 939 4086 exiguam
961 4015 1172 4088 magistratuum
1190 4014 1258 4070 vilio
1273 4013 1328 4070 ,tri-

241 4103 347 4159 buisse.
368 4103 447 4156 Hunc
457 4101 530 4155 enim
546 4117 660 4156 sensum
672 4101 775 4156 habere
787 4100 918 4156 videntur
929 4103 1016 4156 verba
1027 4114 1146 4170 namque
1154 4099 1199 4156 iria
1208 4105 1327 4172 praeter

242 4189 321 4250 solito
334 4189 434 4246 vitiosis
448 4185 659 4260 mcpistrctibua,
675 4187 739 4242 licet
755 4203 810 4242 non
826 4192 934 4244 constet
948 4191 1038 4242 utrum
1053 4185 1096 4241 bia
1106 4211 1146 4224 —
1160 4185 1326 4257 mapistrati·

242 4272 291 4328 aas
307 4272 404 4342 dativi,
421 4289 456 4336 an
472 4273 586 4340 ablativi
605 4271 746 4342 temporis,
763 4278 810 4330 aut
824 4272 944 4330 absoluti
960 4271 1030 4332 sint.
1075 4270 1170 4328 Vitiosi
1179 4269 1327 4342 moymiru-

869 4495 883 4526 ἱ
