<?xml version="1.0" encoding="UTF-8"?>
<!DOCTYPE html PUBLIC "-//W3C//DTD XHTML 1.0 Transitional//EN"
    "http://www.w3.org/TR/xhtml1/DTD/xhtml1-transitional.dtd">
<html xmlns="http://www.w3.org/1999/xhtml" xml:lang="en" lang="en">
 <head>
  <title>
</title>
<meta http-equiv="Content-Type" content="text/html;charset=utf-8" />
  <meta name='ocr-system' content='tesseract 3.04.00' />
  <meta name='ocr-capabilities' content='ocr_page ocr_carea ocr_par ocr_line ocrx_word'/>
</head>
<body>
  <div class='ocr_page' id='page_1' title='image "./csallusticrispi04sallgoog_0204.png"; bbox 0 0 3102 4956; ppageno 0'>
   <div class='ocr_carea' id='block_1_1' title="bbox 216 357 944 424">
    <p class='ocr_par' dir='ltr' id='par_1_1' title="bbox 216 357 944 424">
     <span class='ocr_line' id='line_1_1' title="bbox 216 357 944 424; baseline 0 -4"><span class='ocrx_word' id='word_1_1' title='bbox 216 357 277 421; x_wconf 78' lang='grc'><strong>156</strong></span> <span class='ocrx_word' id='word_1_2' title='bbox 577 364 609 421; x_wconf 85' lang='lat' dir='ltr'><strong>C.</strong></span> <span class='ocrx_word' id='word_1_3' title='bbox 635 364 809 423; x_wconf 81' lang='lat' dir='ltr'><strong>SALLUSTI</strong></span> <span class='ocrx_word' id='word_1_4' title='bbox 830 363 944 424; x_wconf 74' lang='lat' dir='ltr'><strong>culam</strong></span> 
     </span>
    </p>
   </div>
   <div class='ocr_carea' id='block_1_2' title="bbox 213 549 1302 646">
    <p class='ocr_par' dir='ltr' id='par_1_2' title="bbox 213 549 1302 646">
     <span class='ocr_line' id='line_1_2' title="bbox 213 549 1302 646; baseline 0.001 -25"><span class='ocrx_word' id='word_1_5' title='bbox 213 551 369 621; x_wconf 89' lang='lat' dir='ltr'><strong>consules</strong></span> <span class='ocrx_word' id='word_1_6' title='bbox 389 551 503 636; x_wconf 90' lang='lat' dir='ltr'><strong>ambo,</strong></span> <span class='ocrx_word' id='word_1_7' title='bbox 535 549 572 636; x_wconf 83' lang='lat' dir='ltr'><strong>Q.</strong></span> <span class='ocrx_word' id='word_1_8' title='bbox 593 550 777 636; x_wconf 90' lang='lat' dir='ltr'><strong>Metellum,</strong></span> <span class='ocrx_word' id='word_1_9' title='bbox 799 549 852 620; x_wconf 87' lang='lat' dir='ltr'><strong>cui</strong></span> <span class='ocrx_word' id='word_1_10' title='bbox 874 554 992 643; x_wconf 88' lang='lat' dir='ltr'><strong>postea</strong></span> <span class='ocrx_word' id='word_1_11' title='bbox 1017 550 1145 622; x_wconf 84' lang='lat' dir='ltr'><strong>Cretico</strong></span> <span class='ocrx_word' id='word_1_12' title='bbox 1166 573 1302 646; x_wconf 86' lang='lat' dir='ltr'><strong>eogno-</strong></span> 
     </span>
    </p>
   </div>
   <div class='ocr_carea' id='block_1_3' title="bbox 155 790 1340 4348">
    <p class='ocr_par' dir='ltr' id='par_1_3' title="bbox 155 790 1298 1966">
     <span class='ocr_line' id='line_1_3' title="bbox 214 790 1297 862; baseline 0.002 -15"><span class='ocrx_word' id='word_1_13' title='bbox 214 793 305 862; x_wconf 82' lang='lat' dir='ltr'><strong>Quum</strong></span> <span class='ocrx_word' id='word_1_14' title='bbox 326 793 355 847; x_wconf 90' lang='lat' dir='ltr'><strong>in</strong></span> <span class='ocrx_word' id='word_1_15' title='bbox 375 791 489 862; x_wconf 89' lang='lat' dir='ltr'><strong>antiquo</strong></span> <span class='ocrx_word' id='word_1_16' title='bbox 514 790 579 844; x_wconf 88' lang='lat' dir='ltr'><strong>lolio</strong></span> <span class='ocrx_word' id='word_1_17' title='bbox 599 790 706 846; x_wconf 90' lang='lat' dir='ltr'><strong>initium</strong></span> <span class='ocrx_word' id='word_1_18' title='bbox 726 805 857 846; x_wconf 89' lang='lat' dir='ltr'><strong>mancum</strong></span> <span class='ocrx_word' id='word_1_19' title='bbox 874 791 924 859; x_wconf 90' lang='lat' dir='ltr'><strong>sit,</strong></span> <span class='ocrx_word' id='word_1_20' title='bbox 948 793 1074 848; x_wconf 86' lang='lat' dir='ltr'><strong>Pertzius</strong></span> <span class='ocrx_word' id='word_1_21' title='bbox 1091 793 1297 850; x_wconf 87' lang='lat' dir='ltr'><strong>enunciationis</strong></span> 
     </span>
     <span class='ocr_line' id='line_1_4' title="bbox 213 874 1297 951; baseline 0.002 -19"><span class='ocrx_word' id='word_1_22' title='bbox 213 878 347 948; x_wconf 82' lang='lat' dir='ltr'>reliquias</span> <span class='ocrx_word' id='word_1_23' title='bbox 365 915 372 930; x_wconf 92' lang='lat'><strong>.</strong></span> <span class='ocrx_word' id='word_1_24' title='bbox 387 917 394 932; x_wconf 88' lang='lat'><em>.</em></span> <span class='ocrx_word' id='word_1_25' title='bbox 410 874 614 932; x_wconf 81' lang='lat' dir='ltr'><strong>lSSAEUlTlA</strong></span> <span class='ocrx_word' id='word_1_26' title='bbox 633 877 775 947; x_wconf 89' lang='lat' dir='ltr'><strong>supplevit</strong></span> <span class='ocrx_word' id='word_1_27' title='bbox 794 876 1045 934; x_wconf 79' lang='lat' dir='ltr'><strong>intolerabilis</strong></span> <span class='ocrx_word' id='word_1_28' title='bbox 1065 879 1177 933; x_wconf 69' lang='lat' dir='ltr'><strong>saevitia</strong></span> <span class='ocrx_word' id='word_1_29' title='bbox 1189 876 1205 946; x_wconf 65' lang='lat'><strong>,&#39;</strong></span> <span class='ocrx_word' id='word_1_30' title='bbox 1220 880 1297 951; x_wconf 80' lang='lat' dir='ltr'><strong>eogi-</strong></span> 
     </span>
     <span class='ocr_line' id='line_1_5' title="bbox 212 959 1297 1034; baseline 0.002 -18"><span class='ocrx_word' id='word_1_31' title='bbox 212 969 274 1018; x_wconf 88' lang='lat' dir='ltr'><strong>tans</strong></span> <span class='ocrx_word' id='word_1_32' title='bbox 298 961 333 1017; x_wconf 89' lang='lat' dir='ltr'><strong>de</strong></span> <span class='ocrx_word' id='word_1_33' title='bbox 363 959 586 1016; x_wconf 87' lang='lat' dir='ltr'><strong>discordantium</strong></span> <span class='ocrx_word' id='word_1_34' title='bbox 617 959 745 1016; x_wconf 87' lang='lat' dir='ltr'>ordinum</span> <span class='ocrx_word' id='word_1_35' title='bbox 778 961 975 1016; x_wconf 77' lang='lat' dir='ltr'><strong>certaminibus</strong></span> <span class='ocrx_word' id='word_1_36' title='bbox 1005 963 1242 1034; x_wconf 80' lang='lat' dir='ltr'><strong>patriciorumque</strong></span> <span class='ocrx_word' id='word_1_37' title='bbox 1269 965 1297 1018; x_wconf 95' lang='lat' dir='ltr'><strong>in</strong></span> 
     </span>
     <span class='ocr_line' id='line_1_6' title="bbox 213 1045 1296 1120; baseline 0.002 -19"><span class='ocrx_word' id='word_1_38' title='bbox 213 1047 340 1118; x_wconf 90' lang='lat' dir='ltr'><strong>plebeios</strong></span> <span class='ocrx_word' id='word_1_39' title='bbox 357 1061 467 1102; x_wconf 91' lang='lat' dir='ltr'><strong>summa</strong></span> <span class='ocrx_word' id='word_1_40' title='bbox 484 1045 645 1117; x_wconf 75' lang='lat' dir='ltr'><strong>iniquitate,</strong></span> <span class='ocrx_word' id='word_1_41' title='bbox 667 1063 724 1100; x_wconf 90' lang='lat' dir='ltr'><strong>non</strong></span> <span class='ocrx_word' id='word_1_42' title='bbox 744 1048 860 1102; x_wconf 91' lang='lat' dir='ltr'><strong>multum</strong></span> <span class='ocrx_word' id='word_1_43' title='bbox 882 1045 1065 1102; x_wconf 85' lang='lat' dir='ltr'><strong>dissentiente</strong></span> <span class='ocrx_word' id='word_1_44' title='bbox 1085 1047 1253 1120; x_wconf 75' lang='lat' dir='ltr'><strong>Kreyssigio</strong></span> <span class='ocrx_word' id='word_1_45' title='bbox 1269 1050 1296 1104; x_wconf 91' lang='lat' dir='ltr'><strong>in</strong></span> 
     </span>
     <span class='ocr_line' id='line_1_7' title="bbox 213 1131 1297 1203; baseline 0.001 -15"><span class='ocrx_word' id='word_1_46' title='bbox 213 1131 292 1188; x_wconf 85' lang='lat' dir='ltr'><strong>Curis</strong></span> <span class='ocrx_word' id='word_1_47' title='bbox 315 1148 389 1187; x_wconf 90' lang='lat' dir='ltr'><strong>secc.</strong></span> <span class='ocrx_word' id='word_1_48' title='bbox 410 1147 440 1201; x_wconf 90' lang='lat' dir='ltr'><strong>p.</strong></span> <span class='ocrx_word' id='word_1_49' title='bbox 456 1135 499 1190; x_wconf 61' lang='grc' dir='ltr'><strong>Ὦ.</strong></span> <span class='ocrx_word' id='word_1_50' title='bbox 544 1131 632 1186; x_wconf 92' lang='lat' dir='ltr'><strong>Nobis</strong></span> <span class='ocrx_word' id='word_1_51' title='bbox 660 1133 745 1203; x_wconf 89' lang='lat' dir='ltr'><strong>plane</strong></span> <span class='ocrx_word' id='word_1_52' title='bbox 779 1133 835 1187; x_wconf 90' lang='lat' dir='ltr'><strong>alia</strong></span> <span class='ocrx_word' id='word_1_53' title='bbox 863 1132 1003 1187; x_wconf 85' lang='lat' dir='ltr'><strong>sententia</strong></span> <span class='ocrx_word' id='word_1_54' title='bbox 1033 1134 1151 1192; x_wconf 88' lang='lat' dir='ltr'><strong>subesse</strong></span> <span class='ocrx_word' id='word_1_55' title='bbox 1174 1133 1297 1189; x_wconf 88' lang='lat' dir='ltr'><strong>videtur.</strong></span> 
     </span>
     <span class='ocr_line' id='line_1_8' title="bbox 212 1215 1298 1290; baseline 0 -16"><span class='ocrx_word' id='word_1_56' title='bbox 212 1217 275 1274; x_wconf 91' lang='lat' dir='ltr'><strong>Non</strong></span> <span class='ocrx_word' id='word_1_57' title='bbox 304 1217 394 1290; x_wconf 85' lang='lat' dir='ltr'><strong>agitur</strong></span> <span class='ocrx_word' id='word_1_58' title='bbox 423 1217 498 1282; x_wconf 81' lang='lat' dir='ltr'><strong>enim</strong></span> <span class='ocrx_word' id='word_1_59' title='bbox 527 1217 556 1270; x_wconf 94' lang='lat' dir='ltr'><strong>in</strong></span> <span class='ocrx_word' id='word_1_60' title='bbox 579 1215 815 1286; x_wconf 83' lang='lat' dir='ltr'><strong>praecedentibus</strong></span> <span class='ocrx_word' id='word_1_61' title='bbox 844 1215 879 1270; x_wconf 90' lang='lat' dir='ltr'><strong>de</strong></span> <span class='ocrx_word' id='word_1_62' title='bbox 900 1216 1080 1287; x_wconf 85' lang='lat' dir='ltr'><strong>patriciorum</strong></span> <span class='ocrx_word' id='word_1_63' title='bbox 1109 1219 1244 1285; x_wconf 88' lang='lat' dir='ltr'><strong>saevitia,</strong></span> <span class='ocrx_word' id='word_1_64' title='bbox 1268 1225 1298 1274; x_wconf 93' lang='lat' dir='ltr'><strong>ut</strong></span> 
     </span>
     <span class='ocr_line' id='line_1_9' title="bbox 211 1300 1295 1368; baseline -0.002 -8"><span class='ocrx_word' id='word_1_65' title='bbox 211 1304 287 1360; x_wconf 89' lang='lat' dir='ltr'><strong>clare</strong></span> <span class='ocrx_word' id='word_1_66' title='bbox 312 1300 486 1358; x_wconf 88' lang='lat' dir='ltr'><strong>ostendimus</strong></span> <span class='ocrx_word' id='word_1_67' title='bbox 507 1300 544 1356; x_wconf 89' lang='lat' dir='ltr'><strong>ad</strong></span> <span class='ocrx_word' id='word_1_68' title='bbox 560 1301 605 1362; x_wconf 78' lang='lat' dir='ltr'><strong>Fr,</strong></span> <span class='ocrx_word' id='word_1_69' title='bbox 627 1303 676 1368; x_wconf 77' lang='lat' dir='ltr'><strong>ts,</strong></span> <span class='ocrx_word' id='word_1_70' title='bbox 699 1301 751 1356; x_wconf 86' lang='lat' dir='ltr'><strong>sed</strong></span> <span class='ocrx_word' id='word_1_71' title='bbox 779 1301 815 1357; x_wconf 89' lang='lat' dir='ltr'><strong>de</strong></span> <span class='ocrx_word' id='word_1_72' title='bbox 837 1300 992 1356; x_wconf 84' lang='lat' dir='ltr'><strong>miserrimo</strong></span> <span class='ocrx_word' id='word_1_73' title='bbox 1014 1317 1108 1356; x_wconf 87' lang='lat' dir='ltr'><strong>rerum</strong></span> <span class='ocrx_word' id='word_1_74' title='bbox 1127 1305 1295 1358; x_wconf 88' lang='lat' dir='ltr'><strong>urbanarum</strong></span> 
     </span>
     <span class='ocr_line' id='line_1_10' title="bbox 211 1387 1296 1459; baseline 0 -17"><span class='ocrx_word' id='word_1_75' title='bbox 211 1394 285 1443; x_wconf 88' lang='lat' dir='ltr'><strong>statu</strong></span> <span class='ocrx_word' id='word_1_76' title='bbox 301 1401 477 1456; x_wconf 77' lang='lat' dir='ltr'><strong>summaque,</strong></span> <span class='ocrx_word' id='word_1_77' title='bbox 493 1402 547 1458; x_wconf 90' lang='lat' dir='ltr'><strong>qua</strong></span> <span class='ocrx_word' id='word_1_78' title='bbox 561 1387 641 1457; x_wconf 87' lang='lat' dir='ltr'><strong>plebs</strong></span> <span class='ocrx_word' id='word_1_79' title='bbox 659 1388 846 1457; x_wconf 81' lang='lat' dir='ltr'><strong>premebatur,</strong></span> <span class='ocrx_word' id='word_1_80' title='bbox 864 1401 992 1442; x_wconf 89' lang='lat' dir='ltr'><strong>annonae</strong></span> <span class='ocrx_word' id='word_1_81' title='bbox 1010 1388 1158 1459; x_wconf 89' lang='lat' dir='ltr'><strong>gravitate.</strong></span> <span class='ocrx_word' id='word_1_82' title='bbox 1202 1387 1296 1456; x_wconf 79' lang='lat' dir='ltr'><strong>Quare</strong></span> 
     </span>
     <span class='ocr_line' id='line_1_11' title="bbox 210 1469 1296 1543; baseline 0.001 -15"><span class='ocrx_word' id='word_1_83' title='bbox 210 1513 217 1527; x_wconf 93' lang='lat'><strong><em>.</em></strong></span> <span class='ocrx_word' id='word_1_84' title='bbox 234 1513 241 1526; x_wconf 92' lang='lat'><strong>.</strong></span> <span class='ocrx_word' id='word_1_85' title='bbox 257 1475 281 1528; x_wconf 83' lang='lat' dir='ltr'><strong>is</strong></span> <span class='ocrx_word' id='word_1_86' title='bbox 297 1472 429 1543; x_wconf 88' lang='lat' dir='ltr'><strong>reliquias</strong></span> <span class='ocrx_word' id='word_1_87' title='bbox 442 1469 528 1540; x_wconf 82' lang='lat' dir='ltr'><strong>famis</strong></span> <span class='ocrx_word' id='word_1_88' title='bbox 540 1472 620 1526; x_wconf 89' lang='lat' dir='ltr'><strong>vocis</strong></span> <span class='ocrx_word' id='word_1_89' title='bbox 634 1477 781 1543; x_wconf 90' lang='lat' dir='ltr'><strong>putamus,</strong></span> <span class='ocrx_word' id='word_1_90' title='bbox 798 1489 831 1527; x_wconf 89' lang='lat' dir='ltr'><strong>ac</strong></span> <span class='ocrx_word' id='word_1_91' title='bbox 847 1471 1014 1543; x_wconf 83' lang='lat' dir='ltr'><strong>Fragmento</strong></span> <span class='ocrx_word' id='word_1_92' title='bbox 1029 1471 1217 1543; x_wconf 74' lang='lat' dir='ltr'><strong>praecedente</strong></span> <span class='ocrx_word' id='word_1_93' title='bbox 1233 1489 1296 1529; x_wconf 92' lang='lat' dir='ltr'><strong>cum</strong></span> 
     </span>
     <span class='ocr_line' id='line_1_12' title="bbox 210 1553 1297 1630; baseline -0.001 -17"><span class='ocrx_word' id='word_1_94' title='bbox 210 1558 265 1613; x_wconf 88' lang='lat' dir='ltr'><strong>hoc</strong></span> <span class='ocrx_word' id='word_1_95' title='bbox 283 1559 432 1614; x_wconf 90' lang='lat' dir='ltr'><strong>coniuncto</strong></span> <span class='ocrx_word' id='word_1_96' title='bbox 455 1558 507 1610; x_wconf 89' lang='lat' dir='ltr'><strong>tale</strong></span> <span class='ocrx_word' id='word_1_97' title='bbox 524 1555 591 1628; x_wconf 88' lang='lat' dir='ltr'><strong>quid</strong></span> <span class='ocrx_word' id='word_1_98' title='bbox 607 1553 772 1611; x_wconf 86' lang='lat' dir='ltr'><strong>Sallustium</strong></span> <span class='ocrx_word' id='word_1_99' title='bbox 794 1557 945 1628; x_wconf 82' lang='lat' dir='ltr'><strong>scripsisse</strong></span> <span class='ocrx_word' id='word_1_100' title='bbox 962 1557 1145 1612; x_wconf 85' lang='lat' dir='ltr'><strong>coniicimus:</strong></span> <span class='ocrx_word' id='word_1_101' title='bbox 1168 1558 1297 1630; x_wconf 78' lang='lat' dir='ltr'><strong>multique</strong></span> 
     </span>
     <span class='ocr_line' id='line_1_13' title="bbox 210 1633 1294 1714; baseline -0.002 -16"><span class='ocrx_word' id='word_1_102' title='bbox 210 1647 377 1698; x_wconf 77' lang='lat' dir='ltr'><strong>commeatus</strong></span> <span class='ocrx_word' id='word_1_103' title='bbox 397 1643 560 1696; x_wconf 83' lang='lat' dir='ltr'><strong>interierunt</strong></span> <span class='ocrx_word' id='word_1_104' title='bbox 579 1633 684 1696; x_wconf 73' lang='lat' dir='ltr'><strong>insidri‘s</strong></span> <span class='ocrx_word' id='word_1_105' title='bbox 701 1642 853 1711; x_wconf 81' lang='lat' dir='ltr'><strong>latronum,</strong></span> <span class='ocrx_word' id='word_1_106' title='bbox 881 1647 917 1696; x_wconf 83' lang='lat' dir='ltr'><strong>ut</strong></span> <span class='ocrx_word' id='word_1_107' title='bbox 943 1643 979 1696; x_wconf 82' lang='lat' dir='ltr'><strong>in</strong></span> <span class='ocrx_word' id='word_1_108' title='bbox 1007 1643 1082 1697; x_wconf 74' lang='lat' dir='ltr'><strong>dies</strong></span> <span class='ocrx_word' id='word_1_109' title='bbox 1109 1645 1219 1714; x_wconf 79' lang='lat' dir='ltr'><strong>mapis</strong></span> <span class='ocrx_word' id='word_1_110' title='bbox 1243 1645 1294 1697; x_wconf 81' lang='lat' dir='ltr'><strong>in-</strong></span> 
     </span>
     <span class='ocr_line' id='line_1_14' title="bbox 155 1719 1296 1800; baseline 0.001 -19"><span class='ocrx_word' id='word_1_111' title='bbox 155 1719 162 1732; x_wconf 53' lang='lat'>⁸</span> <span class='ocrx_word' id='word_1_112' title='bbox 208 1731 443 1800; x_wconf 83' lang='lat' dir='ltr'><strong>pravesceret</strong></span> <span class='ocrx_word' id='word_1_113' title='bbox 468 1725 575 1798; x_wconf 82' lang='lat' dir='ltr'><strong>famis</strong></span> <span class='ocrx_word' id='word_1_114' title='bbox 605 1727 727 1784; x_wconf 70' lang='lat' dir='ltr'><strong>saevitia.</strong></span> <span class='ocrx_word' id='word_1_115' title='bbox 772 1727 1041 1798; x_wconf 58' lang='lat' dir='ltr'><strong>Quae‘quamquam</strong></span> <span class='ocrx_word' id='word_1_116' title='bbox 1059 1728 1189 1782; x_wconf 90' lang='lat' dir='ltr'><strong>nolumus</strong></span> <span class='ocrx_word' id='word_1_117' title='bbox 1214 1743 1296 1797; x_wconf 90' lang='lat' dir='ltr'><strong>prae-</strong></span> 
     </span>
     <span class='ocr_line' id='line_1_15' title="bbox 211 1811 1295 1884; baseline 0 -17"><span class='ocrx_word' id='word_1_118' title='bbox 211 1820 285 1868; x_wconf 90' lang='lat' dir='ltr'><strong>stare</strong></span> <span class='ocrx_word' id='word_1_119' title='bbox 303 1812 425 1884; x_wconf 89' lang='lat' dir='ltr'><strong>singula,</strong></span> <span class='ocrx_word' id='word_1_120' title='bbox 449 1825 530 1866; x_wconf 91' lang='lat' dir='ltr'><strong>nemo</strong></span> <span class='ocrx_word' id='word_1_121' title='bbox 550 1818 640 1866; x_wconf 90' lang='lat' dir='ltr'><strong>tamen</strong></span> <span class='ocrx_word' id='word_1_122' title='bbox 657 1811 716 1880; x_wconf 87' lang='lat' dir='ltr'><strong>erit,</strong></span> <span class='ocrx_word' id='word_1_123' title='bbox 733 1811 800 1882; x_wconf 92' lang='lat' dir='ltr'><strong>qui-n</strong></span> <span class='ocrx_word' id='word_1_124' title='bbox 816 1811 913 1866; x_wconf 87' lang='lat' dir='ltr'><strong>videat</strong></span> <span class='ocrx_word' id='word_1_125' title='bbox 928 1813 1092 1866; x_wconf 89' lang='lat' dir='ltr'><strong>sententiam</strong></span> <span class='ocrx_word' id='word_1_126' title='bbox 1113 1813 1149 1866; x_wconf 89' lang='lat' dir='ltr'><strong>ita</strong></span> <span class='ocrx_word' id='word_1_127' title='bbox 1165 1811 1295 1868; x_wconf 83' lang='lat' dir='ltr'><strong>effectam</strong></span> 
     </span>
     <span class='ocr_line' id='line_1_16' title="bbox 212 1888 1153 1966; baseline -0.007 -13"><span class='ocrx_word' id='word_1_128' title='bbox 212 1896 360 1954; x_wconf 88' lang='lat' dir='ltr'><strong>commode</strong></span> <span class='ocrx_word' id='word_1_129' title='bbox 376 1911 439 1951; x_wconf 92' lang='lat' dir='ltr'><strong>cum</strong></span> <span class='ocrx_word' id='word_1_130' title='bbox 456 1888 639 1966; x_wconf 50' lang='lat' dir='ltr'><strong>sequentibus¹</strong></span> <span class='ocrx_word' id='word_1_131' title='bbox 649 1897 734 1952; x_wconf 83' lang='lat' dir='ltr'><strong>coire.</strong></span> <span class='ocrx_word' id='word_1_132' title='bbox 1150 1937 1153 1946; x_wconf 89' lang='lat'><em>.</em></span> 
     </span>
    </p>

    <p class='ocr_par' dir='ltr' id='par_1_4' title="bbox 210 1979 1297 3058">
     <span class='ocr_line' id='line_1_17' title="bbox 297 1979 1294 2053; baseline 0 -17"><span class='ocrx_word' id='word_1_133' title='bbox 297 1980 359 2048; x_wconf 65' lang='lat' dir='ltr'><strong>,Oua</strong></span> <span class='ocrx_word' id='word_1_134' title='bbox 373 1996 405 2036; x_wconf 89' lang='lat' dir='ltr'><strong>re</strong></span> <span class='ocrx_word' id='word_1_135' title='bbox 418 1980 536 2052; x_wconf 80' lang='lat' dir='ltr'><strong>fatipcta</strong></span> <span class='ocrx_word' id='word_1_136' title='bbox 554 1979 663 2053; x_wconf 86' lang='lat' dir='ltr'><strong>plebes)</strong></span> <span class='ocrx_word' id='word_1_137' title='bbox 691 1979 752 2048; x_wconf 75' lang='lat' dir='ltr'><strong>Qua</strong></span> <span class='ocrx_word' id='word_1_138' title='bbox 767 1995 807 2050; x_wconf 89' lang='lat' dir='ltr'><strong>re,</strong></span> <span class='ocrx_word' id='word_1_139' title='bbox 828 1981 846 2033; x_wconf 94' lang='lat' dir='ltr'><strong>i.</strong></span> <span class='ocrx_word' id='word_1_140' title='bbox 863 1997 888 2034; x_wconf 89' lang='lat' dir='ltr'><strong>e.</strong></span> <span class='ocrx_word' id='word_1_141' title='bbox 906 1986 989 2036; x_wconf 89' lang='lat' dir='ltr'><strong>aucta</strong></span> <span class='ocrx_word' id='word_1_142' title='bbox 1004 1981 1100 2051; x_wconf 91' lang='lat' dir='ltr'><strong>inopia</strong></span> <span class='ocrx_word' id='word_1_143' title='bbox 1123 1987 1150 2036; x_wconf 92' lang='lat' dir='ltr'><strong>et</strong></span> <span class='ocrx_word' id='word_1_144' title='bbox 1165 1997 1294 2036; x_wconf 88' lang='lat' dir='ltr'><strong>annonae</strong></span> 
     </span>
     <span class='ocr_line' id='line_1_18' title="bbox 212 2065 1296 2138; baseline -0.001 -16"><span class='ocrx_word' id='word_1_145' title='bbox 212 2068 333 2122; x_wconf 88' lang='lat' dir='ltr'><strong>caritate.</strong></span> <span class='ocrx_word' id='word_1_146' title='bbox 349 2097 392 2104; x_wconf 91' lang='lat'><strong>—</strong></span> <span class='ocrx_word' id='word_1_147' title='bbox 406 2065 535 2138; x_wconf 72' lang='lat' dir='ltr'><strong>Fadpari</strong></span> <span class='ocrx_word' id='word_1_148' title='bbox 548 2066 680 2138; x_wconf 87' lang='lat' dir='ltr'><strong>quoniam</strong></span> <span class='ocrx_word' id='word_1_149' title='bbox 696 2065 842 2133; x_wconf 83' lang='lat' dir='ltr'><strong>dicuntur,</strong></span> <span class='ocrx_word' id='word_1_150' title='bbox 865 2066 911 2137; x_wconf 92' lang='lat' dir='ltr'><strong>qui</strong></span> <span class='ocrx_word' id='word_1_151' title='bbox 928 2081 986 2120; x_wconf 91' lang='lat' dir='ltr'><strong>rem</strong></span> <span class='ocrx_word' id='word_1_152' title='bbox 1000 2068 1146 2124; x_wconf 87' lang='lat' dir='ltr'><strong>molestam</strong></span> <span class='ocrx_word' id='word_1_153' title='bbox 1167 2083 1223 2122; x_wconf 89' lang='lat' dir='ltr'><strong>non</strong></span> <span class='ocrx_word' id='word_1_154' title='bbox 1239 2083 1296 2122; x_wconf 88' lang='lat' dir='ltr'><strong>am-</strong></span> 
     </span>
     <span class='ocr_line' id='line_1_19' title="bbox 211 2150 1295 2224; baseline -0.001 -18"><span class='ocrx_word' id='word_1_155' title='bbox 211 2153 285 2223; x_wconf 90' lang='lat' dir='ltr'><strong>plius</strong></span> <span class='ocrx_word' id='word_1_156' title='bbox 307 2153 426 2209; x_wconf 88' lang='lat' dir='ltr'><strong>tolerare</strong></span> <span class='ocrx_word' id='word_1_157' title='bbox 444 2153 555 2220; x_wconf 89' lang='lat' dir='ltr'><strong>valent,</strong></span> <span class='ocrx_word' id='word_1_158' title='bbox 581 2150 677 2223; x_wconf 81' lang='lat' dir='ltr'><strong>plebes</strong></span> <span class='ocrx_word' id='word_1_159' title='bbox 695 2152 813 2224; x_wconf 79' lang='lat' dir='ltr'><strong>fatipatc</strong></span> <span class='ocrx_word' id='word_1_160' title='bbox 835 2157 878 2205; x_wconf 88' lang='lat' dir='ltr'><strong>est</strong></span> <span class='ocrx_word' id='word_1_161' title='bbox 894 2151 938 2222; x_wconf 85' lang='lat' dir='ltr'><strong>pl.</strong></span> <span class='ocrx_word' id='word_1_162' title='bbox 952 2150 991 2204; x_wconf 84' lang='lat' dir='ltr'><strong>dd</strong></span> <span class='ocrx_word' id='word_1_163' title='bbox 1011 2151 1229 2223; x_wconf 80' lang='lat' dir='ltr'><strong>desperationem</strong></span> <span class='ocrx_word' id='word_1_164' title='bbox 1243 2151 1295 2205; x_wconf 84' lang='lat' dir='ltr'><strong>ad-</strong></span> 
     </span>
     <span class='ocr_line' id='line_1_20' title="bbox 211 2235 1296 2306; baseline -0.001 -15"><span class='ocrx_word' id='word_1_165' title='bbox 211 2237 304 2293; x_wconf 78' lang='lat' dir='ltr'><strong>daca.</strong></span> <span class='ocrx_word' id='word_1_166' title='bbox 322 2267 359 2276; x_wconf 88' lang='lat'><strong>--</strong></span> <span class='ocrx_word' id='word_1_167' title='bbox 378 2237 507 2293; x_wconf 78' lang='lat' dir='ltr'><strong>Consules</strong></span> <span class='ocrx_word' id='word_1_168' title='bbox 523 2237 602 2292; x_wconf 88' lang='lat' dir='ltr'><strong>ambo</strong></span> <span class='ocrx_word' id='word_1_169' title='bbox 614 2242 679 2290; x_wconf 90' lang='lat' dir='ltr'><strong>suut</strong></span> <span class='ocrx_word' id='word_1_170' title='bbox 690 2237 721 2291; x_wconf 85' lang='lat' dir='ltr'><strong>L.</strong></span> <span class='ocrx_word' id='word_1_171' title='bbox 738 2236 881 2303; x_wconf 83' lang='lat' dir='ltr'><strong>Octavius,</strong></span> <span class='ocrx_word' id='word_1_172' title='bbox 904 2235 951 2306; x_wconf 93' lang='lat' dir='ltr'><strong>qui</strong></span> <span class='ocrx_word' id='word_1_173' title='bbox 965 2236 1060 2306; x_wconf 85' lang='lat' dir='ltr'><strong>paullo</strong></span> <span class='ocrx_word' id='word_1_174' title='bbox 1081 2242 1144 2306; x_wconf 91' lang='lat' dir='ltr'><strong>post</strong></span> <span class='ocrx_word' id='word_1_175' title='bbox 1158 2252 1296 2292; x_wconf 91' lang='lat' dir='ltr'><strong>memora-</strong></span> 
     </span>
     <span class='ocr_line' id='line_1_21' title="bbox 211 2310 1297 2392; baseline -0.001 -16"><span class='ocrx_word' id='word_1_176' title='bbox 211 2328 264 2390; x_wconf 88' lang='lat' dir='ltr'><strong>tur,</strong></span> <span class='ocrx_word' id='word_1_177' title='bbox 280 2329 308 2376; x_wconf 91' lang='lat' dir='ltr'><strong>et</strong></span> <span class='ocrx_word' id='word_1_178' title='bbox 324 2321 353 2378; x_wconf 77' lang='grc' dir='ltr'><strong>Ο.</strong></span> <span class='ocrx_word' id='word_1_179' title='bbox 371 2321 504 2377; x_wconf 83' lang='lat' dir='ltr'><strong>Aurelius</strong></span> <span class='ocrx_word' id='word_1_180' title='bbox 517 2321 606 2378; x_wconf 86' lang='lat' dir='ltr'><strong>Cotta.</strong></span> <span class='ocrx_word' id='word_1_181' title='bbox 623 2347 624 2350; x_wconf 38' lang='lat'>¹</span> <span class='ocrx_word' id='word_1_182' title='bbox 650 2320 735 2377; x_wconf 86' lang='lat' dir='ltr'><strong>Cuius</strong></span> <span class='ocrx_word' id='word_1_183' title='bbox 749 2323 789 2376; x_wconf 90' lang='lat' dir='ltr'><strong>rei</strong></span> <span class='ocrx_word' id='word_1_184' title='bbox 805 2321 959 2392; x_wconf 87' lang='lat' dir='ltr'><strong>ignoratio,</strong></span> <span class='ocrx_word' id='word_1_185' title='bbox 979 2310 1141 2376; x_wconf 80' lang='lat' dir='ltr'><strong>felicissimo</strong></span> <span class='ocrx_word' id='word_1_186' title='bbox 1158 2320 1252 2376; x_wconf 87' lang='lat' dir='ltr'><strong>Rothii</strong></span> <span class='ocrx_word' id='word_1_187' title='bbox 1269 2328 1297 2375; x_wconf 89' lang='lat' dir='ltr'><strong>et</strong></span> 
     </span>
     <span class='ocr_line' id='line_1_22' title="bbox 210 2395 1295 2478; baseline -0.002 -16"><span class='ocrx_word' id='word_1_188' title='bbox 210 2407 409 2478; x_wconf 87' lang='lat' dir='ltr'><strong>Heerwagenii</strong></span> <span class='ocrx_word' id='word_1_189' title='bbox 433 2407 546 2461; x_wconf 87' lang='lat' dir='ltr'><strong>invento</strong></span> <span class='ocrx_word' id='word_1_190' title='bbox 578 2405 701 2472; x_wconf 90' lang='lat' dir='ltr'><strong>sublata,</strong></span> <span class='ocrx_word' id='word_1_191' title='bbox 730 2395 797 2477; x_wconf 84' lang='lat' dir='ltr'><strong>quot</strong></span> <span class='ocrx_word' id='word_1_192' title='bbox 819 2411 994 2476; x_wconf 87' lang='lat' dir='ltr'><strong>quantosque</strong></span> <span class='ocrx_word' id='word_1_193' title='bbox 1011 2405 1133 2460; x_wconf 90' lang='lat' dir='ltr'><strong>virorum</strong></span> <span class='ocrx_word' id='word_1_194' title='bbox 1150 2405 1295 2462; x_wconf 88' lang='lat' dir='ltr'><strong>doctorum</strong></span> 
     </span>
     <span class='ocr_line' id='line_1_23' title="bbox 210 2489 1295 2562; baseline 0 -16"><span class='ocrx_word' id='word_1_195' title='bbox 210 2507 336 2547; x_wconf 88' lang='lat' dir='ltr'><strong>errrores</strong></span> <span class='ocrx_word' id='word_1_196' title='bbox 353 2491 381 2544; x_wconf 94' lang='lat' dir='ltr'><strong>in</strong></span> <span class='ocrx_word' id='word_1_197' title='bbox 395 2490 451 2545; x_wconf 90' lang='lat' dir='ltr'><strong>hoc</strong></span> <span class='ocrx_word' id='word_1_198' title='bbox 465 2491 633 2562; x_wconf 84' lang='lat' dir='ltr'><strong>Fragmenta</strong></span> <span class='ocrx_word' id='word_1_199' title='bbox 645 2491 813 2562; x_wconf 86' lang='lat' dir='ltr'><strong>explicando</strong></span> <span class='ocrx_word' id='word_1_200' title='bbox 829 2491 966 2560; x_wconf 87' lang='lat' dir='ltr'><strong>genuerit,</strong></span> <span class='ocrx_word' id='word_1_201' title='bbox 984 2489 1039 2544; x_wconf 90' lang='lat' dir='ltr'><strong>dici</strong></span> <span class='ocrx_word' id='word_1_202' title='bbox 1051 2506 1106 2544; x_wconf 93' lang='lat' dir='ltr'><strong>non</strong></span> <span class='ocrx_word' id='word_1_203' title='bbox 1122 2497 1230 2562; x_wconf 89' lang='lat' dir='ltr'><strong>potest;</strong></span> <span class='ocrx_word' id='word_1_204' title='bbox 1244 2491 1295 2546; x_wconf 90' lang='lat' dir='ltr'><strong>sed</strong></span> 
     </span>
     <span class='ocr_line' id='line_1_24' title="bbox 211 2574 1296 2647; baseline 0.001 -16"><span class='ocrx_word' id='word_1_205' title='bbox 211 2593 245 2631; x_wconf 88' lang='lat' dir='ltr'><strong>ne</strong></span> <span class='ocrx_word' id='word_1_206' title='bbox 257 2581 320 2630; x_wconf 90' lang='lat' dir='ltr'><strong>acta</strong></span> <span class='ocrx_word' id='word_1_207' title='bbox 338 2591 422 2646; x_wconf 88' lang='lat' dir='ltr'><strong>agere</strong></span> <span class='ocrx_word' id='word_1_208' title='bbox 439 2591 601 2647; x_wconf 80' lang='lat' dir='ltr'><strong>arguamur,</strong></span> <span class='ocrx_word' id='word_1_209' title='bbox 614 2574 649 2630; x_wconf 90' lang='lat' dir='ltr'><strong>iis</strong></span> <span class='ocrx_word' id='word_1_210' title='bbox 665 2575 828 2630; x_wconf 81' lang='lat' dir='ltr'><strong>refellendis</strong></span> <span class='ocrx_word' id='word_1_211' title='bbox 845 2575 1055 2630; x_wconf 84' lang='lat' dir='ltr'><strong>abstinebimus.</strong></span> <span class='ocrx_word' id='word_1_212' title='bbox 1071 2605 1114 2616; x_wconf 82' lang='lat'>-</span> <span class='ocrx_word' id='word_1_213' title='bbox 1127 2576 1167 2630; x_wconf 86' lang='lat' dir='ltr'><strong>De</strong></span> <span class='ocrx_word' id='word_1_214' title='bbox 1180 2591 1296 2632; x_wconf 88' lang='lat' dir='ltr'><strong>accusa·</strong></span> 
     </span>
     <span class='ocr_line' id='line_1_25' title="bbox 210 2659 1296 2732; baseline -0.001 -16"><span class='ocrx_word' id='word_1_215' title='bbox 210 2662 260 2716; x_wconf 92' lang='lat' dir='ltr'><strong>tivi</strong></span> <span class='ocrx_word' id='word_1_216' title='bbox 283 2659 374 2716; x_wconf 84' lang='lat' dir='ltr'><strong>torma</strong></span> <span class='ocrx_word' id='word_1_217' title='bbox 393 2659 472 2715; x_wconf 82' lang='lat' dir='ltr'><strong>ambo</strong></span> <span class='ocrx_word' id='word_1_218' title='bbox 490 2679 518 2715; x_wconf 87' lang='lat' dir='ltr'><strong>v.</strong></span> <span class='ocrx_word' id='word_1_219' title='bbox 537 2661 574 2716; x_wconf 91' lang='lat' dir='ltr'><strong>ad</strong></span> <span class='ocrx_word' id='word_1_220' title='bbox 595 2661 656 2732; x_wconf 91' lang='lat' dir='ltr'><strong>lug.</strong></span> <span class='ocrx_word' id='word_1_221' title='bbox 671 2660 751 2728; x_wconf 85' lang='lat' dir='ltr'><strong>XXI,</strong></span> <span class='ocrx_word' id='word_1_222' title='bbox 773 2665 800 2718; x_wconf 77' lang='grc'><strong>4.</strong></span> <span class='ocrx_word' id='word_1_223' title='bbox 817 2671 852 2731; x_wconf 71' lang='lat' dir='ltr'><strong>&#39;p·</strong></span> <span class='ocrx_word' id='word_1_224' title='bbox 875 2665 936 2719; x_wconf 80' lang='lat'><strong>135.</strong></span> <span class='ocrx_word' id='word_1_225' title='bbox 965 2687 1006 2696; x_wconf 49' lang='grc' dir='ltr'><strong>«ω</strong></span> <span class='ocrx_word' id='word_1_226' title='bbox 1034 2661 1087 2714; x_wconf 85' lang='lat' dir='ltr'><strong>Pro</strong></span> <span class='ocrx_word' id='word_1_227' title='bbox 1104 2659 1137 2728; x_wconf 83' lang='lat' dir='ltr'><strong>Q.</strong></span> <span class='ocrx_word' id='word_1_228' title='bbox 1157 2659 1296 2716; x_wconf 76' lang='lat' dir='ltr'><strong>Metellum</strong></span> 
     </span>
     <span class='ocr_line' id='line_1_26' title="bbox 210 2744 1296 2818; baseline -0.001 -17"><span class='ocrx_word' id='word_1_229' title='bbox 210 2745 394 2818; x_wconf 75' lang='lat' dir='ltr'><strong>Kreyssigius</strong></span> <span class='ocrx_word' id='word_1_230' title='bbox 417 2745 507 2816; x_wconf 90' lang='lat' dir='ltr'><strong>primo</strong></span> <span class='ocrx_word' id='word_1_231' title='bbox 527 2753 631 2818; x_wconf 81' lang='lat' dir='ltr'><strong>atque</strong></span> <span class='ocrx_word' id='word_1_232' title='bbox 647 2744 679 2812; x_wconf 82' lang='lat' dir='ltr'><strong>Q.</strong></span> <span class='ocrx_word' id='word_1_233' title='bbox 695 2745 848 2813; x_wconf 81' lang='lat' dir='ltr'><strong>Metellum,</strong></span> <span class='ocrx_word' id='word_1_234' title='bbox 865 2744 967 2800; x_wconf 90' lang='lat' dir='ltr'><strong>deinde</strong></span> <span class='ocrx_word' id='word_1_235' title='bbox 987 2745 1211 2801; x_wconf 87' lang='lat' dir='ltr'><strong>Weissenbornii</strong></span> <span class='ocrx_word' id='word_1_236' title='bbox 1230 2763 1296 2800; x_wconf 86' lang='lat' dir='ltr'><strong>con-</strong></span> 
     </span>
     <span class='ocr_line' id='line_1_27' title="bbox 210 2828 1295 2903; baseline 0 -17"><span class='ocrx_word' id='word_1_237' title='bbox 210 2833 346 2886; x_wconf 88' lang='lat' dir='ltr'><strong>iecturam</strong></span> <span class='ocrx_word' id='word_1_238' title='bbox 362 2836 475 2886; x_wconf 89' lang='lat' dir='ltr'><strong>secutus</strong></span> <span class='ocrx_word' id='word_1_239' title='bbox 490 2828 522 2898; x_wconf 86' lang='lat' dir='ltr'><strong>Q.</strong></span> <span class='ocrx_word' id='word_1_240' title='bbox 538 2846 602 2903; x_wconf 80' lang='lat' dir='ltr'><strong>que</strong></span> <span class='ocrx_word' id='word_1_241' title='bbox 615 2828 753 2894; x_wconf 80' lang='lat' dir='ltr'><strong>Metellum</strong></span> <span class='ocrx_word' id='word_1_242' title='bbox 768 2831 890 2901; x_wconf 86' lang='lat' dir='ltr'><strong>scripsit,</strong></span> <span class='ocrx_word' id='word_1_243' title='bbox 912 2837 988 2884; x_wconf 89' lang='lat' dir='ltr'><strong>ratus</strong></span> <span class='ocrx_word' id='word_1_244' title='bbox 1003 2846 1067 2886; x_wconf 91' lang='lat' dir='ltr'><strong>eum</strong></span> <span class='ocrx_word' id='word_1_245' title='bbox 1078 2847 1145 2886; x_wconf 89' lang='lat' dir='ltr'><strong>esse</strong></span> <span class='ocrx_word' id='word_1_246' title='bbox 1161 2831 1295 2887; x_wconf 81' lang='lat' dir='ltr'><strong>condida-</strong></span> 
     </span>
     <span class='ocr_line' id='line_1_28' title="bbox 212 2912 1294 2988; baseline -0.001 -16"><span class='ocrx_word' id='word_1_247' title='bbox 212 2922 268 2972; x_wconf 80' lang='lat' dir='ltr'><strong>tum</strong></span> <span class='ocrx_word' id='word_1_248' title='bbox 284 2917 475 2988; x_wconf 81' lang='lat' dir='ltr'><strong>praetorium,</strong></span> <span class='ocrx_word' id='word_1_249' title='bbox 494 2917 649 2987; x_wconf 89' lang='lat' dir='ltr'><strong>quistatim</strong></span> <span class='ocrx_word' id='word_1_250' title='bbox 668 2923 733 2988; x_wconf 91' lang='lat' dir='ltr'><strong>post</strong></span> <span class='ocrx_word' id='word_1_251' title='bbox 750 2922 929 2972; x_wconf 86' lang='lat' dir='ltr'><strong>memoratur.</strong></span> <span class='ocrx_word' id='word_1_252' title='bbox 973 2912 1032 2970; x_wconf 89' lang='lat' dir='ltr'><strong>Sed</strong></span> <span class='ocrx_word' id='word_1_253' title='bbox 1054 2915 1086 2970; x_wconf 89' lang='lat' dir='ltr'><strong>id</strong></span> <span class='ocrx_word' id='word_1_254' title='bbox 1105 2917 1206 2971; x_wconf 84' lang='lat' dir='ltr'><strong>salsum</strong></span> <span class='ocrx_word' id='word_1_255' title='bbox 1229 2931 1294 2971; x_wconf 87' lang='lat' dir='ltr'><strong>esse</strong></span> 
     </span>
     <span class='ocr_line' id='line_1_29' title="bbox 211 3001 464 3058; baseline -0.008 -1"><span class='ocrx_word' id='word_1_256' title='bbox 211 3019 277 3058; x_wconf 87' lang='lat' dir='ltr'><strong>mox</strong></span> <span class='ocrx_word' id='word_1_257' title='bbox 289 3001 464 3056; x_wconf 89' lang='lat' dir='ltr'><strong>docebimus.</strong></span> 
     </span>
    </p>

    <p class='ocr_par' dir='ltr' id='par_1_5' title="bbox 172 3084 1340 4348">
     <span class='ocr_line' id='line_1_30' title="bbox 297 3084 1295 3160; baseline -0.004 -18"><span class='ocrx_word' id='word_1_258' title='bbox 297 3100 445 3160; x_wconf 83' lang='lat' dir='ltr'><strong>copnomen</strong></span> <span class='ocrx_word' id='word_1_259' title='bbox 461 3086 591 3156; x_wconf 80' lang='lat' dir='ltr'><strong>inditam,</strong></span> <span class='ocrx_word' id='word_1_260' title='bbox 611 3094 636 3142; x_wconf 87' lang='lat' dir='ltr'><strong>et</strong></span> <span class='ocrx_word' id='word_1_261' title='bbox 651 3085 842 3152; x_wconf 78' lang='lat' dir='ltr'><strong>candidatum)</strong></span> <span class='ocrx_word' id='word_1_262' title='bbox 858 3084 1034 3156; x_wconf 90' lang='lat' dir='ltr'><strong>Palimpsesti</strong></span> <span class='ocrx_word' id='word_1_263' title='bbox 1051 3087 1219 3156; x_wconf 87' lang='lat' dir='ltr'><strong>scripturam</strong></span> <span class='ocrx_word' id='word_1_264' title='bbox 1240 3101 1295 3140; x_wconf 90' lang='lat' dir='ltr'><strong>non</strong></span> 
     </span>
     <span class='ocr_line' id='line_1_31' title="bbox 212 3169 1296 3243; baseline -0.005 -13"><span class='ocrx_word' id='word_1_265' title='bbox 212 3175 281 3230; x_wconf 89' lang='lat' dir='ltr'><strong>satis</strong></span> <span class='ocrx_word' id='word_1_266' title='bbox 296 3174 324 3228; x_wconf 93' lang='lat' dir='ltr'><strong>in</strong></span> <span class='ocrx_word' id='word_1_267' title='bbox 342 3173 482 3227; x_wconf 88' lang='lat' dir='ltr'><strong>nonnullis</strong></span> <span class='ocrx_word' id='word_1_268' title='bbox 500 3172 598 3226; x_wconf 88' lang='lat' dir='ltr'><strong>litteris</strong></span> <span class='ocrx_word' id='word_1_269' title='bbox 614 3171 794 3243; x_wconf 88' lang='lat' dir='ltr'><strong>perspicuam</strong></span> <span class='ocrx_word' id='word_1_270' title='bbox 810 3170 933 3224; x_wconf 90' lang='lat' dir='ltr'><strong>Pertzius</strong></span> <span class='ocrx_word' id='word_1_271' title='bbox 952 3171 993 3224; x_wconf 89' lang='lat' dir='ltr'><strong>sic</strong></span> <span class='ocrx_word' id='word_1_272' title='bbox 1009 3170 1090 3242; x_wconf 88' lang='lat' dir='ltr'><strong>legit,</strong></span> <span class='ocrx_word' id='word_1_273' title='bbox 1112 3175 1140 3225; x_wconf 92' lang='lat' dir='ltr'><strong>ut</strong></span> <span class='ocrx_word' id='word_1_274' title='bbox 1161 3169 1296 3225; x_wconf 85' lang='lat' dir='ltr'><strong>scriberet</strong></span> 
     </span>
     <span class='ocr_line' id='line_1_32' title="bbox 211 3253 1340 3332; baseline -0.006 -17"><span class='ocrx_word' id='word_1_275' title='bbox 211 3273 359 3332; x_wconf 79' lang='lat' dir='ltr'><strong>copnomen</strong></span> <span class='ocrx_word' id='word_1_276' title='bbox 373 3257 459 3330; x_wconf 75' lang='lat' dir='ltr'><strong>fuit,</strong></span> <span class='ocrx_word' id='word_1_277' title='bbox 478 3257 534 3312; x_wconf 83' lang='lat' dir='ltr'><strong>oei</strong></span> <span class='ocrx_word' id='word_1_278' title='bbox 551 3257 737 3311; x_wconf 80' lang='lat' dir='ltr'><strong>candidatum.</strong></span> <span class='ocrx_word' id='word_1_279' title='bbox 783 3253 862 3322; x_wconf 82' lang='lat' dir='ltr'><strong>Quae</strong></span> <span class='ocrx_word' id='word_1_280' title='bbox 873 3256 961 3308; x_wconf 90' lang='lat' dir='ltr'><strong>verba</strong></span> <span class='ocrx_word' id='word_1_281' title='bbox 977 3271 1062 3326; x_wconf 92' lang='lat' dir='ltr'><strong>quum</strong></span> <span class='ocrx_word' id='word_1_282' title='bbox 1076 3255 1114 3310; x_wconf 87' lang='lat' dir='ltr'><strong>ita</strong></span> <span class='ocrx_word' id='word_1_283' title='bbox 1133 3260 1296 3324; x_wconf 84' lang='lat' dir='ltr'><strong>comparata</strong></span> <span class='ocrx_word' id='word_1_284' title='bbox 1332 3270 1340 3281; x_wconf 71' lang='lat'><strong><em>‘</em></strong></span> 
     </span>
     <span class='ocr_line' id='line_1_33' title="bbox 212 3337 1293 3413; baseline -0.004 -15"><span class='ocrx_word' id='word_1_285' title='bbox 212 3345 280 3410; x_wconf 88' lang='lat' dir='ltr'><strong>sint,</strong></span> <span class='ocrx_word' id='word_1_286' title='bbox 300 3350 329 3397; x_wconf 92' lang='lat' dir='ltr'><strong>ut</strong></span> <span class='ocrx_word' id='word_1_287' title='bbox 350 3343 393 3396; x_wconf 86' lang='lat' dir='ltr'><strong>vel</strong></span> <span class='ocrx_word' id='word_1_288' title='bbox 409 3341 547 3412; x_wconf 88' lang='lat' dir='ltr'><strong>particula</strong></span> <span class='ocrx_word' id='word_1_289' title='bbox 568 3342 644 3413; x_wconf 87' lang='lat' dir='ltr'><strong>nullo</strong></span> <span class='ocrx_word' id='word_1_290' title='bbox 665 3343 748 3410; x_wconf 88' lang='lat' dir='ltr'><strong>pacto</strong></span> <span class='ocrx_word' id='word_1_291' title='bbox 770 3355 786 3393; x_wconf 87' lang='lat' dir='ltr'><strong>a</strong></span> <span class='ocrx_word' id='word_1_292' title='bbox 809 3337 940 3395; x_wconf 90' lang='lat' dir='ltr'><strong>Sallustio</strong></span> <span class='ocrx_word' id='word_1_293' title='bbox 958 3341 1083 3411; x_wconf 87' lang='lat' dir='ltr'><strong>protecta</strong></span> <span class='ocrx_word' id='word_1_294' title='bbox 1107 3355 1171 3394; x_wconf 90' lang='lat' dir='ltr'><strong>esse</strong></span> <span class='ocrx_word' id='word_1_295' title='bbox 1194 3339 1293 3409; x_wconf 91' lang='lat' dir='ltr'><strong>possit,</strong></span> 
     </span>
     <span class='ocr_line' id='line_1_34' title="bbox 210 3422 1295 3498; baseline -0.004 -16"><span class='ocrx_word' id='word_1_296' title='bbox 210 3427 395 3498; x_wconf 80' lang='lat' dir='ltr'><strong>Kreyssigius</strong></span> <span class='ocrx_word' id='word_1_297' title='bbox 418 3426 446 3478; x_wconf 91' lang='lat' dir='ltr'><strong>in</strong></span> <span class='ocrx_word' id='word_1_298' title='bbox 461 3424 614 3480; x_wconf 82' lang='lat' dir='ltr'><strong>Comment.</strong></span> <span class='ocrx_word' id='word_1_299' title='bbox 632 3441 660 3495; x_wconf 93' lang='lat' dir='ltr'><strong>p.</strong></span> <span class='ocrx_word' id='word_1_300' title='bbox 683 3428 728 3481; x_wconf 72' lang='lat'><strong>25.</strong></span> <span class='ocrx_word' id='word_1_301' title='bbox 749 3422 888 3495; x_wconf 85' lang='lat' dir='ltr'><strong>sagaciter</strong></span> <span class='ocrx_word' id='word_1_302' title='bbox 904 3441 939 3479; x_wconf 88' lang='lat' dir='ltr'><strong>ex</strong></span> <span class='ocrx_word' id='word_1_303' title='bbox 956 3423 1048 3481; x_wconf 88' lang='lat' dir='ltr'><strong>dubiis</strong></span> <span class='ocrx_word' id='word_1_304' title='bbox 1064 3426 1215 3480; x_wconf 87' lang='lat' dir='ltr'><strong>litterarum</strong></span> <span class='ocrx_word' id='word_1_305' title='bbox 1237 3425 1295 3496; x_wconf 92' lang='lat' dir='ltr'><strong>api-</strong></span> 
     </span>
     <span class='ocr_line' id='line_1_35' title="bbox 172 3507 1293 3579; baseline 0 -15"><span class='ocrx_word' id='word_1_306' title='bbox 172 3560 174 3564; x_wconf 83' lang='lat'><em>.</em></span> <span class='ocrx_word' id='word_1_307' title='bbox 210 3513 290 3568; x_wconf 89' lang='lat' dir='ltr'><strong>cibus</strong></span> <span class='ocrx_word' id='word_1_308' title='bbox 306 3510 455 3565; x_wconf 89' lang='lat' dir='ltr'><strong>lectionem</strong></span> <span class='ocrx_word' id='word_1_309' title='bbox 468 3510 539 3564; x_wconf 91' lang='lat' dir='ltr'><strong>eruit</strong></span> <span class='ocrx_word' id='word_1_310' title='bbox 555 3525 642 3564; x_wconf 91' lang='lat' dir='ltr'><strong>sensu</strong></span> <span class='ocrx_word' id='word_1_311' title='bbox 656 3507 761 3579; x_wconf 88' lang='lat' dir='ltr'><strong>pariter</strong></span> <span class='ocrx_word' id='word_1_312' title='bbox 777 3515 859 3578; x_wconf 90' lang='lat' dir='ltr'><strong>atque</strong></span> <span class='ocrx_word' id='word_1_313' title='bbox 876 3509 1001 3564; x_wconf 88' lang='lat' dir='ltr'><strong>oratione</strong></span> <span class='ocrx_word' id='word_1_314' title='bbox 1017 3509 1293 3577; x_wconf 83' lang='lat' dir='ltr'><strong>commodissimam3</strong></span> 
     </span>
     <span class='ocr_line' id='line_1_36' title="bbox 211 3593 1295 3668; baseline -0.001 -17"><span class='ocrx_word' id='word_1_315' title='bbox 211 3613 293 3668; x_wconf 90' lang='lat' dir='ltr'><strong>quae,</strong></span> <span class='ocrx_word' id='word_1_316' title='bbox 313 3595 380 3666; x_wconf 91' lang='lat' dir='ltr'><strong>quin</strong></span> <span class='ocrx_word' id='word_1_317' title='bbox 395 3607 493 3650; x_wconf 85' lang='lat' dir='ltr'><strong>veram</strong></span> <span class='ocrx_word' id='word_1_318' title='bbox 510 3594 631 3648; x_wconf 89' lang='lat' dir='ltr'><strong>auctoris</strong></span> <span class='ocrx_word' id='word_1_319' title='bbox 650 3609 763 3648; x_wconf 90' lang='lat' dir='ltr'><strong>manum</strong></span> <span class='ocrx_word' id='word_1_320' title='bbox 780 3594 896 3662; x_wconf 81' lang='lat' dir='ltr'><strong>referat,</strong></span> <span class='ocrx_word' id='word_1_321' title='bbox 921 3611 1005 3665; x_wconf 91' lang='lat' dir='ltr'><strong>quum</strong></span> <span class='ocrx_word' id='word_1_322' title='bbox 1021 3593 1140 3650; x_wconf 90' lang='lat' dir='ltr'><strong>dubitari</strong></span> <span class='ocrx_word' id='word_1_323' title='bbox 1159 3611 1215 3649; x_wconf 93' lang='lat' dir='ltr'><strong>non</strong></span> <span class='ocrx_word' id='word_1_324' title='bbox 1230 3611 1295 3666; x_wconf 92' lang='lat' dir='ltr'><strong>pos-</strong></span> 
     </span>
     <span class='ocr_line' id='line_1_37' title="bbox 212 3678 1294 3753; baseline -0.003 -17"><span class='ocrx_word' id='word_1_325' title='bbox 212 3682 262 3750; x_wconf 93' lang='lat' dir='ltr'><strong>sit,</strong></span> <span class='ocrx_word' id='word_1_326' title='bbox 279 3681 381 3735; x_wconf 90' lang='lat' dir='ltr'><strong>nollem</strong></span> <span class='ocrx_word' id='word_1_327' title='bbox 395 3678 580 3753; x_wconf 82' lang='lat' dir='ltr'><strong>Kreyssigius</strong></span> <span class='ocrx_word' id='word_1_328' title='bbox 597 3680 624 3734; x_wconf 93' lang='lat' dir='ltr'><strong>in</strong></span> <span class='ocrx_word' id='word_1_329' title='bbox 640 3679 727 3752; x_wconf 83' lang='lat' dir='ltr'><strong>Epist</strong></span> <span class='ocrx_word' id='word_1_330' title='bbox 743 3695 771 3749; x_wconf 91' lang='lat' dir='ltr'><strong>p.</strong></span> <span class='ocrx_word' id='word_1_331' title='bbox 788 3685 830 3736; x_wconf 89' lang='lat' dir='ltr'><strong>ll.</strong></span> <span class='ocrx_word' id='word_1_332' title='bbox 848 3685 875 3732; x_wconf 90' lang='lat' dir='ltr'><strong>et</strong></span> <span class='ocrx_word' id='word_1_333' title='bbox 887 3681 929 3736; x_wconf 79' lang='lat'><strong>17.</strong></span> <span class='ocrx_word' id='word_1_334' title='bbox 944 3679 1141 3750; x_wconf 88' lang='lat' dir='ltr'><strong>Heerwageuii</strong></span> <span class='ocrx_word' id='word_1_335' title='bbox 1153 3680 1294 3736; x_wconf 89' lang='lat' dir='ltr'><strong>coniectu-</strong></span> 
     </span>
     <span class='ocr_line' id='line_1_38' title="bbox 210 3762 1293 3838; baseline -0.002 -18"><span class='ocrx_word' id='word_1_336' title='bbox 210 3783 270 3822; x_wconf 86' lang='lat' dir='ltr'><strong>ram</strong></span> <span class='ocrx_word' id='word_1_337' title='bbox 288 3771 512 3838; x_wconf 81' lang='lat' dir='ltr'><strong>copnemeatum</strong></span> <span class='ocrx_word' id='word_1_338' title='bbox 526 3762 611 3835; x_wconf 79' lang='lat' dir='ltr'><strong>fuit,</strong></span> <span class='ocrx_word' id='word_1_339' title='bbox 628 3764 803 3820; x_wconf 80' lang='lat' dir='ltr'><strong>candidatum</strong></span> <span class='ocrx_word' id='word_1_340' title='bbox 816 3779 885 3820; x_wconf 91' lang='lat' dir='ltr'><strong>suae</strong></span> <span class='ocrx_word' id='word_1_341' title='bbox 902 3764 1091 3820; x_wconf 89' lang='lat' dir='ltr'><strong>emendationi</strong></span> <span class='ocrx_word' id='word_1_342' title='bbox 1105 3765 1293 3836; x_wconf 82' lang='lat' dir='ltr'><strong>praetulisset.</strong></span> 
     </span>
     <span class='ocr_line' id='line_1_39' title="bbox 210 3849 1314 3920; baseline 0.003 -20"><span class='ocrx_word' id='word_1_343' title='bbox 210 3881 254 3900; x_wconf 86' lang='lat'><strong>-.-</strong></span> <span class='ocrx_word' id='word_1_344' title='bbox 269 3853 301 3920; x_wconf 82' lang='lat' dir='ltr'><strong>Q.</strong></span> <span class='ocrx_word' id='word_1_345' title='bbox 319 3850 461 3906; x_wconf 89' lang='lat' dir='ltr'><strong>Metellum</strong></span> <span class='ocrx_word' id='word_1_346' title='bbox 477 3849 564 3904; x_wconf 87' lang='lat' dir='ltr'><strong>luisse</strong></span> <span class='ocrx_word' id='word_1_347' title='bbox 587 3850 763 3906; x_wconf 79' lang='lat' dir='ltr'><strong>candidatum</strong></span> <span class='ocrx_word' id='word_1_348' title='bbox 779 3851 953 3920; x_wconf 80' lang='lat' dir='ltr'><strong>praetorium</strong></span> <span class='ocrx_word' id='word_1_349' title='bbox 972 3851 1153 3909; x_wconf 88' lang='lat' dir='ltr'><strong>consentiens</strong></span> <span class='ocrx_word' id='word_1_350' title='bbox 1176 3855 1219 3905; x_wconf 90' lang='lat' dir='ltr'><strong>cst</strong></span> <span class='ocrx_word' id='word_1_351' title='bbox 1236 3849 1314 3920; x_wconf 85' lang='lat' dir='ltr'><strong>opi-¹</strong></span> 
     </span>
     <span class='ocr_line' id='line_1_40' title="bbox 210 3933 1295 4007; baseline -0.004 -15"><span class='ocrx_word' id='word_1_352' title='bbox 210 3938 257 3991; x_wconf 93' lang='lat' dir='ltr'><strong>nio</strong></span> <span class='ocrx_word' id='word_1_353' title='bbox 272 3938 398 3992; x_wconf 91' lang='lat' dir='ltr'><strong>virorum</strong></span> <span class='ocrx_word' id='word_1_354' title='bbox 414 3934 558 3990; x_wconf 88' lang='lat' dir='ltr'><strong>doctorum</strong></span> <span class='ocrx_word' id='word_1_355' title='bbox 573 3937 713 4004; x_wconf 88' lang='lat' dir='ltr'><strong>omniurn,</strong></span> <span class='ocrx_word' id='word_1_356' title='bbox 735 3936 782 4007; x_wconf 88' lang='lat' dir='ltr'><strong>qui</strong></span> <span class='ocrx_word' id='word_1_357' title='bbox 799 3933 834 3988; x_wconf 89' lang='lat' dir='ltr'><strong>de</strong></span> <span class='ocrx_word' id='word_1_358' title='bbox 849 3934 904 3990; x_wconf 92' lang='lat' dir='ltr'><strong>hoc</strong></span> <span class='ocrx_word' id='word_1_359' title='bbox 918 3935 962 3988; x_wconf 88' lang='lat' dir='ltr'><strong>Fr.</strong></span> <span class='ocrx_word' id='word_1_360' title='bbox 980 3941 1113 4006; x_wconf 82' lang='lat' dir='ltr'><strong>egeruut3</strong></span> <span class='ocrx_word' id='word_1_361' title='bbox 1140 3935 1193 3990; x_wconf 91' lang='lat' dir='ltr'><strong>sed</strong></span> <span class='ocrx_word' id='word_1_362' title='bbox 1209 3935 1295 4006; x_wconf 88' lang='lat' dir='ltr'><strong>quan-</strong></span> 
     </span>
     <span class='ocr_line' id='line_1_41' title="bbox 210 4017 1295 4091; baseline -0.002 -15"><span class='ocrx_word' id='word_1_363' title='bbox 210 4023 314 4078; x_wconf 91' lang='lat' dir='ltr'><strong>tumvis</strong></span> <span class='ocrx_word' id='word_1_364' title='bbox 336 4020 482 4076; x_wconf 89' lang='lat' dir='ltr'><strong>doctrinae</strong></span> <span class='ocrx_word' id='word_1_365' title='bbox 505 4027 587 4091; x_wconf 88' lang='lat' dir='ltr'><strong>atque</strong></span> <span class='ocrx_word' id='word_1_366' title='bbox 609 4020 746 4076; x_wconf 86' lang='lat' dir='ltr'><strong>acuminis</strong></span> <span class='ocrx_word' id='word_1_367' title='bbox 769 4018 834 4074; x_wconf 91' lang='lat' dir='ltr'><strong>huic</strong></span> <span class='ocrx_word' id='word_1_368' title='bbox 862 4019 986 4091; x_wconf 89' lang='lat' dir='ltr'><strong>opinioni</strong></span> <span class='ocrx_word' id='word_1_369' title='bbox 1010 4017 1221 4076; x_wconf 83' lang='lat' dir='ltr'><strong>confirmandae</strong></span> <span class='ocrx_word' id='word_1_370' title='bbox 1244 4019 1295 4074; x_wconf 89' lang='lat' dir='ltr'><strong>im·</strong></span> 
     </span>
     <span class='ocr_line' id='line_1_42' title="bbox 210 4104 1293 4179; baseline -0.002 -19"><span class='ocrx_word' id='word_1_371' title='bbox 210 4105 369 4179; x_wconf 88' lang='lat' dir='ltr'><strong>penderint,</strong></span> <span class='ocrx_word' id='word_1_372' title='bbox 386 4122 473 4177; x_wconf 89' lang='lat' dir='ltr'><strong>opera</strong></span> <span class='ocrx_word' id='word_1_373' title='bbox 488 4106 591 4161; x_wconf 84' lang='lat' dir='ltr'><strong>trustra</strong></span> <span class='ocrx_word' id='word_1_374' title='bbox 605 4107 664 4162; x_wconf 87' lang='lat' dir='ltr'><strong>luit.</strong></span> <span class='ocrx_word' id='word_1_375' title='bbox 693 4105 829 4160; x_wconf 93' lang='lat' dir='ltr'><strong>Nimirum</strong></span> <span class='ocrx_word' id='word_1_376' title='bbox 845 4104 878 4173; x_wconf 82' lang='lat' dir='ltr'><strong>Q.</strong></span> <span class='ocrx_word' id='word_1_377' title='bbox 893 4105 1021 4161; x_wconf 86' lang='lat' dir='ltr'><strong>Metellus</strong></span> <span class='ocrx_word' id='word_1_378' title='bbox 1038 4121 1128 4177; x_wconf 91' lang='lat' dir='ltr'><strong>neque</strong></span> <span class='ocrx_word' id='word_1_379' title='bbox 1144 4106 1195 4160; x_wconf 88' lang='lat' dir='ltr'><strong>luit</strong></span> <span class='ocrx_word' id='word_1_380' title='bbox 1210 4120 1235 4158; x_wconf 90' lang='lat' dir='ltr'><strong>a.</strong></span> <span class='ocrx_word' id='word_1_381' title='bbox 1250 4105 1293 4161; x_wconf 80' lang='lat'><strong>⁷5.</strong></span> 
     </span>
     <span class='ocr_line' id='line_1_43' title="bbox 212 4188 1293 4263; baseline -0.005 -16"><span class='ocrx_word' id='word_1_382' title='bbox 212 4208 240 4247; x_wconf 88' lang='lat' dir='ltr'><strong>a.</strong></span> <span class='ocrx_word' id='word_1_383' title='bbox 266 4189 330 4247; x_wconf 89' lang='lat' dir='ltr'><strong>Chr.</strong></span> <span class='ocrx_word' id='word_1_384' title='bbox 352 4207 379 4246; x_wconf 87' lang='lat' dir='ltr'><strong>n.</strong></span> <span class='ocrx_word' id='word_1_385' title='bbox 403 4191 570 4246; x_wconf 89' lang='lat' dir='ltr'><strong>candidatus</strong></span> <span class='ocrx_word' id='word_1_386' title='bbox 600 4190 771 4263; x_wconf 87' lang='lat' dir='ltr'><strong>praetorius,</strong></span> <span class='ocrx_word' id='word_1_387' title='bbox 804 4205 895 4260; x_wconf 89' lang='lat' dir='ltr'><strong>neque</strong></span> <span class='ocrx_word' id='word_1_388' title='bbox 921 4191 1009 4246; x_wconf 86' lang='lat' dir='ltr'><strong>luisse</strong></span> <span class='ocrx_word' id='word_1_389' title='bbox 1033 4189 1183 4247; x_wconf 87' lang='lat' dir='ltr'><strong>Sallustius</strong></span> <span class='ocrx_word' id='word_1_390' title='bbox 1214 4188 1293 4257; x_wconf 87' lang='lat' dir='ltr'><strong>dixit,</strong></span> 
     </span>
     <span class='ocr_line' id='line_1_44' title="bbox 212 4269 1294 4348; baseline -0.006 -16"><span class='ocrx_word' id='word_1_391' title='bbox 212 4277 316 4348; x_wconf 88' lang='lat' dir='ltr'><strong>quippe</strong></span> <span class='ocrx_word' id='word_1_392' title='bbox 331 4275 377 4348; x_wconf 89' lang='lat' dir='ltr'><strong>qui</strong></span> <span class='ocrx_word' id='word_1_393' title='bbox 393 4281 486 4348; x_wconf 87' lang='lat' dir='ltr'><strong>aperte</strong></span> <span class='ocrx_word' id='word_1_394' title='bbox 505 4269 605 4346; x_wconf 84' lang='lat' dir='ltr'><strong>tradat,</strong></span> <span class='ocrx_word' id='word_1_395' title='bbox 621 4276 649 4330; x_wconf 91' lang='lat' dir='ltr'><strong>in</strong></span> <span class='ocrx_word' id='word_1_396' title='bbox 663 4277 791 4346; x_wconf 68' lang='lat' dir='ltr'><strong>pmduor</strong></span> <span class='ocrx_word' id='word_1_397' title='bbox 801 4275 879 4330; x_wconf 92' lang='lat' dir='ltr'><strong>viros</strong></span> <span class='ocrx_word' id='word_1_398' title='bbox 895 4291 1021 4330; x_wconf 87' lang='lat' dir='ltr'><strong>summae</strong></span> <span class='ocrx_word' id='word_1_399' title='bbox 1037 4276 1064 4330; x_wconf 92' lang='lat' dir='ltr'><strong>ln</strong></span> <span class='ocrx_word' id='word_1_400' title='bbox 1079 4274 1192 4330; x_wconf 82' lang='lat' dir='ltr'><strong>civitate</strong></span> <span class='ocrx_word' id='word_1_401' title='bbox 1203 4273 1294 4344; x_wconf 58' lang='lat' dir='ltr'><strong>digni⁴</strong></span> 
     </span>
    </p>
   </div>
   <div class='ocr_carea' id='block_1_4' title="bbox 0 0 1556 4956">
    <p class='ocr_par' dir='ltr' id='par_1_6' title="bbox 0 0 1556 4956">
     <span class='ocr_line' id='line_1_45' title="bbox 0 0 1556 4956; baseline 0 0"><span class='ocrx_word' id='word_1_402' title='bbox 0 0 1556 4956; x_wconf 95' lang='lat' dir='ltr'><strong> </strong></span> 
     </span>
    </p>
   </div>
  </div>
 </body>
</html>
