3062 4958
603 354 633 411 C.
657 353 830 413 SALLUSTi
852 349 965 412 celse}

706 638 774 694 Gar.
793 639 827 693 V.

297 749 348 799 Res
365 747 487 800 urbanae.
524 744 569 797 Gn.
590 744 691 794 Lentuli
709 742 822 794 censoris
844 744 896 794 lex.
916 771 950 780 -—
970 745 1033 795 Urbs
1055 752 1137 798 terrae
1158 751 1228 796 motu
1251 759 1312 794 con-

229 857 315 892 cussa.
329 867 365 876 -
384 839 505 889 Metellus*
520 851 552 888 ex
570 837 695 903 ffispania
713 850 841 891 reversus.
866 837 1006 888 -Crassi
1032 846 1057 886 et
1080 836 1195 902 Pompeii
1220 849 1312 884 consu-

229 934 304 983 latus.
324 959 359 968 -
374 931 511 997 Pompeius
531 929 615 998 plebis
633 928 748 979 savorem
766 932 873 993 quaerit.
893 957 928 966 -
946 929 1016 980 Idem
1034 936 1186 996 potestatem
1203 928 1312 977 tribuni-

225 1028 292 1078 ciam
312 1025 429 1076 restituit.
449 1051 484 1060 -
502 1023 637 1074 Palicanus
652 1022 748 1084 aliique
762 1022 858 1073 tribuni
874 1021 1022 1073 turbulenti.
1040 1049 1076 1060 -
1094 1021 1181 1074 Crassi
1199 1028 1224 1072 et
1236 1021 1312 1072 Pom·
1369 1031 1372 1036 ·

226 1119 281 1186 peii
298 1117 423 1170 simultas.
442 1143 478 1154 *—
495 1120 590 1168 Verres
608 1131 623 1165 a
642 1113 764 1166 cicerone
779 1120 923 1166 accusatus.

328 1385 379 1450 50.
419 1377 464 1446 At
483 1376 541 1448 Cn.
565 1377 725 1449 Lentulus
747 1375 904 1468 patriciae
926 1377 1052 1468 gentis,
1074 1376 1207 1468 collega
1229 1376 1312 1458 eius,

227 1627 289 1682 test.
311 1622 371 1678 Hoc
387 1639 473 1678 unum
488 1637 545 1678 non
563 1621 676 1678 videtur
690 1621 814 1691 dubium,
831 1621 897 1693 quin
914 1619 952 1676 ad
969 1633 1063 1676 rerum
1080 1619 1249 1676 urbanarum
1264 1639 1313 1678 ex·

226 1709 396 1783 positionem
411 1708 612 1779 pertinuerint.
633 1708 675 1764 Ex
690 1712 721 1762 at
733 1708 872 1778 partienda
886 1706 1023 1764 coniicias
1036 1704 1065 1760 in
1080 1705 1313 1764 antecedentibus

227 1811 286 1852 rem
302 1793 468 1849 dissimilem
483 1795 529 1850 vel
548 1795 632 1866 plane
655 1794 822 1850 contrariam
847 1798 987 1850 narratam
1003 1791 1091 1848 luisse
1107 1789 1143 1846 tle
1157 1792 1188 1848 L.
1206 1791 1311 1861 Gellio;

227 1880 302 1936 hunc
323 1880 399 1936 enim
423 1879 635 1952 intelligendum
656 1895 721 1936 esse
742 1881 817 1934 clare
839 1877 991 1936 ostendunt
1012 1878 1101 1934 verba
1119 1878 1223 1950 calleyo
1243 1881 1312 1936 cau.

228 1967 326 2036 Neque
341 1969 434 2020 tamen
449 1964 504 2020 boc
529 1964 565 2020 de
580 1965 729 2022 consulatu
744 1964 914 2037 capiendum
930 1969 1014 2035 puto;
1035 1979 1118 2035 quem
1139 1963 1205 2035 quie
1228 1966 1311 2020 simul

228 2055 378 2125 gesserunt
400 2067 473 2106 anno
489 2053 533 2111 72.
548 2067 574 2106 a.
590 2048 657 2108 Chr.
672 2067 710 2121 n.,
722 2068 779 2108 nou
792 2051 936 2123 probabile
950 2054 993 2106 est
1006 2065 1066 2104 rem
1081 2065 1116 2104 eo
1130 2065 1204 2106 anno
1220 2055 1311 2106 aotam

227 2141 326 2210 quarto
340 2135 410 2192 libro
426 2137 542 2193 relatam
560 2153 635 2192 esse.
680 2135 738 2194 Sed
754 2154 839 2210 quum
855 2141 967 2208 praeter
986 2136 1161 2192 consulatum
1183 2137 1312 2209 collegae

229 2225 327 2280 essent
337 2222 420 2278 etiam
435 2224 464 2278 iu
479 2237 608 2292 censura,
628 2222 664 2278 de
680 2222 764 2279 huius
779 2217 903 2281 muneris
920 2222 1110 2290 consortione,
1127 2237 1198 2293 qnae
1211 2221 1249 2278 ad
1263 2239 1312 2278 an-

229 2325 296 2364 num
317 2312 361 2369 70.
385 2325 413 2364 a.
435 2307 501 2366 Chr.
524 2326 552 2364 n.
568 2309 689 2380 pertinet
714 2309 758 2378 (v.
773 2308 915 2366 Plutarch.
936 2309 964 2364 in
986 2308 1084 2378 Pomp.
1108 2324 1133 2362 c.
1146 2313 1191 2368 22·
1209 2306 1266 2364 Cic.
1281 2308 1311 2367 in

228 2396 312 2449 Verr.
327 2393 363 2461 V,
378 2397 404 2464 7,
420 2395 488 2464 15.),
502 2395 586 2462 valet,
604 2393 680 2465 quod
695 2395 829 2451 Lentulus
845 2395 955 2467 collega
972 2392 1052 2448 Gellii
1070 2393 1180 2450 dicitur.
1194 2425 1236 2434 —-
1252 2393 1310 2450 Po-

228 2482 325 2536 tricioc
339 2482 427 2552 pcata
442 2480 669 2536 commemoratio
684 2478 763 2536 haud
779 2479 862 2536 dubie
878 2485 1028 2554 propterea
1044 2479 1135 2549 iacta,
1157 2479 1234 2551 quod
1250 2479 1311 2536 Gel·

229 2566 300 2634 lius,
320 2563 364 2620 cui
382 2564 532 2637 opponitur
550 2565 702 2633 Lentulus,
733 2566 793 2622 ioco
806 2568 927 2639 equestri
943 2570 1025 2622 natus
1040 2565 1106 2633 luit3
1132 2563 1311 2638 ciclopes

230 2649 307 2708 Sext.
323 2666 347 2703 c.
364 2655 407 2718 bl,
426 2655 487 2709 11⁰.
508 2679 546 2690 --
565 2649 616 2710 Cui
632 2666 689 2706 non
705 2652 823 2708 retertur
841 2647 878 2708 ad
891 2652 1050 2724 proximum
1064 2665 1182 2721 nomen,
1203 2651 1312 2708 esdad

230 2734 275 2803 id,
298 2734 374 2806 quod
388 2735 417 2792 in
434 2737 572 2792 sententia
591 2735 755 2807 primarium
776 2743 833 2809 est,
859 2737 889 2794 h.
910 2754 937 2800 e.
952 2737 990 2794 ad
1005 2735 1166 2799 Lenartam
1186 2738 1211 2792 is
1238 2740 1311 2793 enim

231 2819 384 2877 Clodianus
397 2822 657 2894 cognominabatur,
665 2823 700 2878 ci.
713 2821 849 2895 Cicllpp.
862 2821 899 2880 ad
911 2823 995 2880 Attic.
1006 2822 1027 2890 Ι,
1035 2826 1078 2893 19,
1090 2823 1128 2878 in.
1141 2823 1206 2894 lpsa
1218 2829 1311 2880 autam

231 2907 361 2962 vocabuli
370 2908 459 2964 lorma
467 2912 583 2964 testatur
595 2907 747 2980 adoptione
758 2926 823 2966 eum
835 2907 1086 2982 excleudiagente
1098 2909 1126 2963 in
1133 2909 1311 2966 Lentulorum

231 2992 364 3049 familiam
379 2995 544 3064 transiisse3
568 3011 596 3052 v.
614 3001 739 3052 nostram
755 3001 849 3052 annot
865 2994 901 3051 ad
917 2994 1153 3066 veil.11‚115,1.
1169 3012 1198 3066 p.
1210 2997 1272 3054 486.
1284 2999 1313 3050 et

230 3077 372 3135 Heineccii
388 3079 484 3152 Antiq.
497 3091 568 3136 rom.
585 3079 704 3154 Syrti,
722 3087 764 3148 ll,
780 3085 823 3140 19.
838 3097 868 3151 p.
884 3083 945 3138 154.
961 3079 1107 3138 ed.Haub.
1123 3081 1159 3137 ei.
1172 3097 1258 3152 supra
1265 3081 1311 3136 Fr.

230 3163 320 3232 11,47.
336 3195 379 3206 --
397 3165 604 3224 Smlidr'rer'mum
624 3181 659 3224 cc
672 3167 850 3222 maurorum
868 3182 917 3222 eur
936 3172 1033 3222 auctor
1054 3170 1138 3222 vocet
1156 3166 1310 3235 Lentrdum,

230 3267 287 3306 nou
301 3252 384 3322 plane
404 3252 500 3325 liquet.
531 3252 624 3308 Possit
641 3267 710 3308 sane
725 3251 872 3308 iterdietus
887 3252 979 3308 videri
995 3256 1110 3324 propter
1124 3254 1218 3324 legem
1235 3252 1311 3330 illam

232 3337 266 3392 ab
282 3353 317 3390 eo
332 3339 554 3410 promulgatam
571 3337 622 3394 sed
637 3338 666 3392 in
680 3337 844 3394 universum
859 3339 952 3410 potius
966 3339 1004 3394 ita
1020 3355 1083 3395 eum
1096 3343 1220 3394 notatum
1234 3344 1311 3409 puto,

232 3419 308 3492 quod
323 3422 473 3480 Sallustius
489 3423 555 3479 odio
572 3423 600 3478 in
619 3439 683 3478 eum
694 3422 820 3489 ferretur,
836 3425 939 3496 quippe
955 3424 1002 3495 qui
1016 3428 1044 3478 et
1055 3424 1126 3479 inter
1141 3439 1248 3496 paucos
1262 3441 1313 3496 poe

231 3511 320 3563 tentes
336 3514 413 3566 esset
428 3511 471 3578 (v.
488 3506 547 3564 Cic.
562 3524 592 3578 p.
606 3509 625 3563 l.
642 3507 717 3564 blan.
733 3512 778 3578 73,
793 3513 837 3568 68.
852 3525 881 3582 p.
896 3507 1005 3565 Cluent.
1019 3513 1062 3580 42,
1079 3511 1164 3580 1111),
1180 3525 1250 3582 quos
1265 3510 1313 3565 ille

232 3608 375 3665 nunquam
394 3611 452 3649 non
474 3592 596 3663 exagitat
614 3586 659 3668 (v.
676 3594 713 3649 ad
729 3592 807 3651 Catil.
827 3611 852 3650 c.
868 3594 929 3663 XX,
946 3592 998 3670 7.),
1019 3598 1160 3652 et‘censor
1182 3611 1313 3667 asperam

232 3694 382 3734 censuram
398 3680 519 3750 egisset,
537 3683 654 3748 quatuor
669 3683 696 3734 et
713 3682 860 3753 sexaginta
875 3687 974 3736 senatu
987 3680 1088 3748 motis,
1109 3682 1143 3735 ci.
1160 3681 1311 3752 [ἀι-11911.

232 3761 353 3820 xcviii.
370 3763 426 3818 Cic.
442 3781 471 3834 p.
489 3761 596 3819 Cluent.
610 3768 653 3834 42,
669 3769 728 3825 119.
744 3765 993 3826 1so.—-Stettarm
1007 3765 1113 3822 Gellius
1128 3769 1147 3822 l.
1163 3768 1182 3821 1.
1199 3772 1312 3822 saeuas

193 3896 196 3900 .
233 3851 426 3905 auctoritatem
442 3847 559 3919 Sulpicii
573 3849 744 3921 Apollinaris
766 3858 897 3908 nontam
921 3853 1031 3908 statam
1052 3851 1120 3908 dicit
1141 3852 1312 3924 significare,

234 3951 319 4007 quam
334 3938 433 3990 tetrum
446 3939 473 3989 ct
485 3935 632 4007 molestum,
647 3939 666 3993 i.
677 3955 702 3995 e.
721 3940 755 3994 ab
771 3940 845 3994 omni
862 3937 1032 3994 humanitate
1047 3939 1168 3994 alienum
1179 3935 1313 4008 (cilice-

235 4018 332 4074 derlin.
351 4019 509 4094 Synonpm.
521 4021 579 4078 Lat.
596 4024 659 4078 Vol.
677 4023 726 4080 IV.
741 4041 770 4096 p.
788 4024 865 4092 229.)
879 4037 981 4080 canam
1001 4027 1102 4080 autem·
1115 4041 1179 4080 esse
1198 4023 1311 4080 menda-

234 4119 301 4176 cem,
313 4106 427 4178 infidum
441 4111 469 4162 ct
480 4108 548 4165 leuia
562 4111 711 4182 arcumque
721 4125 777 4181 pro
791 4111 921 4182 previbus
935 4115 963 4166 et
977 4112 1050 4168 ucria
1064 4112 1227 4166 adamarus
1240 4127 1314 4166 com-

229 4196 386 4264 ponentem.
403 4223 445 4234 -
460 4194 608 4267 Emptores
620 4196 754 4251 bonoram
768 4202 840 4264 sunt,
857 4197 903 4268 qui
914 4197 1138 4268 proscriptorum
1153 4199 1228 4251 bona
1242 4211 1317 4252 eme·

235 4282 306 4344 rant.
346 4280 425 4349 Quae
443 4281 562 4356 pecunia
578 4297 663 4358 quum
678 4281 706 4334 in
722 4281 862 4338 aerarium
884 4281 1074 4355 redigeretur,
1089 4298 1107 4335 a
1119 4282 1198 4340 Sulla
1213 4289 1316 4353 autem,
