3062 4958
255 318 319 384 ³26
630 319 659 378 C.
686 320 859 380 SALLUSTI
889 319 1003 378 CRISPI

222 483 225 490 ¹
257 509 336 582 xilio
358 509 543 601 profectum
571 505 703 599 maguis
723 507 860 601 regibus
882 507 1028 578 latrones
1049 506 1197 600 gentium
1219 529 1344 598 opres-

257 637 352 710 sisse.
392 633 488 719 Quod
509 633 556 704 uti
578 632 681 708 facias
702 655 821 706 moneo
845 633 1041 727 hortorque,
1062 655 1126 706 neu
1145 633 1240 712 malis
1257 651 1390 724 per-aa

257 760 340 832 nicie
366 763 481 835 nostra
502 762 591 830 tuam
613 759 796 850 prolatare,
824 782 922 853 quam
946 758 1103 832 societate
1126 759 1232 832 victor
1257 759 1343 830 ficri.
1496 853 1497 862 ἢ

231 851 234 870 .
357 893 411 960 20.
452 885 540 960 Tum
562 907 643 960 vero
668 885 801 978 Bithyni
828 885 1088 978 propinquantes
1119 885 1183 956 ianr
1211 907 1343 956 amnem
1496 901 1497 984 q

258 1011 456 1084 Tartanium.
1387 1009 1390 1014 “

360 1143 412 1210 21.
453 1139 601 1229 Namque
634 1135 775 1226 primum
801 1135 952 1208 iasonem
976 1157 1066 1206 novo
1097 1134 1212 1206 itincre
1240 1135 1345 1206 maris

258 1262 384 1334 Aeetae
407 1260 549 1354 hospitis
575 1261 708 1333 domum
727 1259 883 1330 violasse.

342 1509 367 1570 §.
383 1509 426 1566 23.
448 1503 692 1579 taem'prolelere)
705 1503 746 1558 lta
760 1517 859 1558 omnes
873 1505 966 1557 tenent
982 1501 1065 1558 codd.
1079 1501 1152 1558 Ante
1161 1501 1343 1560 Ciacconium

257 1591 404 1663 legebatur
426 1581 518 1646 tuam
538 1590 723 1661 imperium
738 1589 900 1658 prolatare,
921 1603 992 1659 quae
1013 1588 1190 1660 interpolatio
1207 1588 1273 1644 inde
1289 1588 1345 1644 ilu-

258 1676 336 1730 xisse
356 1673 484 1744 videtur,
506 1673 583 1747 quod
598 1675 707 1746 lugeret
723 1673 851 1745 antiquos
870 1672 994 1730 editores
1015 1672 1052 1729 ad
1067 1677 1141 1730 tuam
1156 1673 1344 1746 repetendum

258 1776 324 1815 esse
332 1762 497 1832 pernicicm.
528 1757 656 1815 Ceterum
672 1757 835 1826 notandum,
852 1765 948 1815 nostro
962 1761 1149 1831 postpositrun
1170 1777 1250 1828 esse,
1274 1750 1344 1833 quia

259 1861 371 1902 summa
385 1844 572 1918 oppositionis
588 1844 617 1900 in
632 1844 814 1901 substantivis
824 1846 952 1917 pernicie
967 1873 1010 1884 --
1022 1846 1150 1901 societate
1163 1846 1251 1915 inesl;
1275 1863 1344 1902 nam

259 1930 379 2002 simplex
412 1931 650 2004 possessivorum¹
678 1929 825 2002 oppositio
850 1931 1006 2002 postularet
1039 1935 1136 1988 nostra
1167 1933 1343 1990 substantivo

256 2016 406 2088 praemitti.
939 2059 942 2062 -

345 2102 423 2171 Quae
440 2105 595 2174 sequuntur
614 2101 670 2158 duo
684 2099 867 2172 Fragmenta,
889 2101 1028 2172 pertinent
1044 2101 1092 2158 illa
1107 2100 1236 2174 quidem,
1251 2109 1288 2160 ut
1307 2121 1345 2160 ex

258 2193 421 2261 argumento
438 2189 513 2244 clare
530 2191 616 2262 petet,
632 2187 669 2246 ad
684 2186 901 2246 Mithridaticum
917 2187 1031 2256 bellum,
1049 2187 1100 2242 sed
1116 2204 1170 2258 quo
1186 2189 1249 2245 loco
1271 2191 1345 2246 lecta

259 2275 369 2344 luerint,
387 2292 425 2330 ne
439 2277 601 2333 coniectura
616 2273 729 2344 quidem
751 2272 882 2330 constitui
897 2277 999 2342 potest.
1032 2271 1124 2340 Quare
1139 2274 1220 2344 quasi
1237 2289 1345 2346 appen-

258 2359 330 2420 dicis
346 2361 409 2416 loco
427 2360 539 2426 ceteris,
556 2375 627 2430 quae
645 2359 792 2415 certiorem
806 2357 912 2414 habent
923 2357 1148 2430 explicationem,
1160 2360 1345 2418 subiecimus.

342 2445 388 2502 Fr.
404 2451 449 2504 20.
480 2441 569 2518 [eon.
582 2460 610 2514 p.
624 2448 687 2510 992.
719 2443 795 2498 Gerl.
810 2441 856 2498 cd.
875 2443 941 2499 mai.
957 2443 1004 2511 IV,
1021 2447 1066 2508 66.
1087 2442 1133 2500 ed.
1151 2443 1218 2500 min.
1233 2443 1281 2513 IV,
1296 2453 1344 2508 52.

257 2546 286 2602 p·
302 2533 365 2601 229,
379 2535 406 2588 2.
439 2528 522 2584 Debr.
541 2527 586 2595 ΙΙΙ,
598 2524 658 2609 66]
702 2527 788 2586 arus.
803 2547 833 2586 v.
844 2529 1050 2600 propmquont,
1069 2545 1096 2599 p·
1110 2532 1172 2591 254·
1195 2527 1242 2589 ed.
1258 2531 1341 2588 Lind.

258 2613 442 2686 Bithynorum
456 2613 561 2669 mentio
579 2613 701 2668 ostendit
714 2613 742 2668 in
757 2616 841 2669 rebus
858 2611 1024 2668 Mithridatis
1038 2613 1110 2670 hacc
1128 2615 1226 2674 luisse.
1268 2617 1342 2674 Tur-

258 2700 362 2758 tem'um
377 2697 482 2754 flumen
496 2697 573 2770 apud
591 2701 697 2756 nullum
712 2701 877 2770 scriptorem
889 2706 1136 2759 commemoratum
1150 2702 1271 2774 reperio.
1309 2704 1343 2759 lu

259 2783 393 2856 Bithynia
418 2801 503 2856 quum
525 2785 609 2845 luerit
629 2785 750 2846 Artanes
769 2786 831 2844 sive
850 2783 974 2844 Artanes
997 2783 1101 2842 fluvius
1127 2787 1170 2855 (v.
1195 2787 1343 2860 Forbigeri

260 2869 364 2942 Geogr.
390 2871 476 2942 antiq.
497 2870 562 2928 Vol.
577 2870 611 2929 ΙΙ.
627 2887 657 2942 p.
667 2871 754 2940 676),
781 2871 936 2943 suspiceris
961 2887 1063 2926 nomen
1079 2877 1240 2944 corruptum
1264 2889 1342 2932 esse.

259 2953 317 3013 Sed
333 2971 369 3010 nc
386 2956 427 3012 sic
444 2955 557 3028 quidem
572 2958 687 3018 multum
701 2957 834 3030 proficies
850 2956 888 3014 ad
904 2956 999 3014 inania
1020 2958 1107 3016 verba
1121 2958 1310 3029 expedienda.

342 3041 387 3098 Fr.
402 3047 445 3104 21.
467 3038 553 3116 [con.
569 3061 597 3114 p.
610 3047 672 3108 969.
688 3043 762 3104 Gerl.
782 3041 828 3099 ed.
842 3043 908 3100 mai.
924 3041 971 3110 IV,
986 3047 1030 3102 al.
1044 3041 1091 3100 ed.
1106 3044 1173 3100 min.
1187 3043 1235 3114 IV,
1250 3049 1293 3109 bll-
1311 3064 1342 3118 p.

257 3129 377 3198 229,18.
399 3127 483 3184 Debr.
497 3129 543 3197 ΙΙΙ,
559 3130 630 3198 166]
674 3129 717 3186 Ex
730 3129 801 3195 libro
824 3131 923 3199 quarto
940 3126 1011 3183 hacc
1032 3128 1129 3184 laudat
1142 3129 1279 3186 Priscian.
1293 3131 1342 3202 VI,

258 3217 299 3283 ll,
313 3217 356 3274 61.
374 3231 403 3285 p.
417 3218 479 3275 258.
493 3215 542 3270 Kr.
558 3229 702 3270 consensu
716 3213 839 3272 omnium
854 3211 993 3281 codicum,
1009 3213 1109 3284 quibus
1124 3214 1257 3272 Krehlius
1271 3233 1342 3277 usus

257 3303 312 3352 esl.
332 3298 484 3370 Perpetem
499 3299 583 3372 igitur
600 3297 695 3353 Carrio
712 3313 796 3352 unum
809 3297 874 3356 eod.
887 3299 999 3358 Martio.
1016 3304 1129 3356 secutus
1142 3301 1342 3372 Fragmentum

257 3383 377 3441 seeundo
393 3384 524 3451 attribuit,
543 3383 587 3438 oui
603 3383 643 3438 rei
659 3387 769 3455 praeter
785 3381 915 3453 codicum
936 3384 1127 3442 auctoritatem
1146 3393 1342 3456 argumentum

259 3467 351 3537 ipsum
366 3475 518 3542 repugnat,
534 3469 638 3540 quippe
653 3467 743 3539 quod,
758 3473 788 3524 ut
801 3485 838 3527 eu
851 3467 960 3526 Iasonis
975 3475 1003 3524 et
1016 3470 1122 3526 Aeetae
1138 3472 1278 3527 mentione
1301 3473 1343 3528 in-

259 3551 401 3624 telligitur,
415 3552 452 3608 ad
470 3569 515 3609 res
530 3554 660 3612 Ponticas
677 3553 824 3625 pertineat.
867 3554 965 3627 Neque
986 3559 1079 3612 tamen
1098 3546 1261 3613 Gerlaehius
1281 3574 1342 3616 rem

259 3653 313 3693 acu
333 3637 432 3709 tetigit,
450 3639 496 3707 qui
511 3637 576 3694 Vol.
591 3638 637 3698 ΙΙΙ.
651 3655 679 3709 p.
692 3643 752 3700 113.
770 3639 928 3712 suspicatur
942 3643 1029 3696 verba
1044 3641 1072 3696 in
1089 3640 1277 3714 descriptione
1293 3659 1342 3700 an·

259 3721 415 3792 tiquitatum
428 3722 508 3779 Ponti
523 3722 621 3780 luisse.
649 3723 688 3783 De
705 3725 739 3782 lis
753 3726 826 3782 enim
842 3742 928 3797 quum
936 3725 1085 3784 Sallustius
1100 3727 1170 3785 libro
1185 3731 1263 3786 tertio
1276 3745 1341 3801 pro-

259 3807 396 3863 lixissime
418 3807 520 3878 egerit,
539 3823 595 3862 non
616 3809 719 3880 potuit,
742 3811 796 3868 uisi
811 3812 922 3882 ineptus
944 3829 1009 3868 esse
1025 3813 1127 3881 vellet,
1147 3813 1266 3870 candem
1280 3831 1340 3872 rem

195 3897 200 3910 ⁸
260 3893 329 3952 libro
346 3897 445 3966 quara
459 3892 558 3950 iterum
572 3897 700 3954 tractare.
728 3896 825 3968 Neque
837 3897 973 3953 orationis
994 3898 1085 3954 forma
1102 3899 1164 3956 talis
1187 3904 1245 3969 est,
1268 3915 1340 3972 quae

214 4044 217 4051 .
259 3994 352 4037 rerum
374 3977 555 4052 descriptioni
572 3983 731 4038 conveniat.
759 3983 832 4052 Quin
848 4000 883 4038 err
899 3999 934 4037 ea
948 3983 1010 4056 ipsa
1026 3984 1218 4042 coniecturam
1231 3985 1339 4057 captae,

260 4066 347 4120 verba
367 4066 455 4126 luisse
471 4066 499 4122 in
514 4068 603 4123 relata
621 4069 740 4126 alicuius
762 4069 903 4136 oratione,
926 4069 1096 4141 antiquitatis
1116 4072 1245 4143 exempla
1259 4088 1341 4142 repc-

258 4151 341 4208 tentis
357 4149 454 4210 adres
469 4169 536 4210 suas
548 4153 764 4213 confirmandas.
788 4154 865 4222 Quae
881 4155 1013 4227 quoniam
1027 4153 1189 4214 Colchidem
1204 4161 1341 4228 spectant,

259 4252 315 4292 non
329 4237 412 4310 plane
427 4239 553 4300 absimile
570 4241 632 4295 veri
650 4245 693 4294 est
707 4238 875 4294 Mithridatis
893 4256 926 4295 ea
942 4242 1030 4297 verba
1044 4241 1148 4312 luisse,
1174 4238 1341 4300 Colchorum
