3096 4962
450 365 499 422 Ab
526 365 721 424 ERNESTUM
742 365 1067 424 wuuslumnllllum.
1234 377 1325 426 mil

193 566 273 626 quae
303 547 489 625 scriptorum
516 547 631 608 invidia
651 548 840 610 incelebrata
868 550 992 620 siverat.
1036 549 1189 628 Exposita
1213 549 1325 614 deinde

191 648 304 714 infelici
331 650 444 712 Metelli
470 667 637 724 successu,
667 669 686 712 a
713 651 852 714 Sertorio
881 652 1067 730 impressi,
1099 660 1134 714 ut
1157 653 1325 731 Pompeius

191 754 220 815 ei
242 752 355 814 auxilio
377 751 547 816 mittendus
566 760 667 826 esset,
696 755 826 815 erebus
848 755 995 832 Hispanis
1017 753 1128 818 transit
1149 754 1189 815 ad
1210 755 1325 816 bellum

192 857 448 945 Macedonicum,
478 855 590 917 eodem
618 861 761 933 tempore
791 857 831 916 ab
860 860 943 936 App.
964 858 1091 921 Claudio
1117 862 1256 933 gestum,
1288 874 1325 917 ac

194 960 306 1021 deinde
327 962 359 1020 P.
373 955 494 1020 Servilii
511 956 741 1033 expeditionem
761 966 870 1020 contra
887 960 1002 1037 piratas
1015 966 1194 1036 susceptam
1210 966 1323 1020 narrat.

279 1061 425 1124 Secundo
448 1058 536 1134 libro,
560 1059 705 1138 qnoniam
725 1061 829 1123 omnia
847 1063 943 1136 bella,
966 1060 1138 1138 dequibus
1161 1061 1324 1139 superiore

191 1165 322 1239 dictum,
353 1165 454 1228 adhuc
480 1163 668 1240 flagrabant,
698 1163 740 1226 ita
760 1171 870 1226 auctor
890 1163 991 1240 pergit
1018 1162 1048 1224 in
1071 1181 1179 1226 eorum
1201 1165 1324 1244 exposi-

190 1267 290 1342 tione,
319 1273 353 1329 ut
381 1267 420 1327 de
441 1263 550 1346 Lepidi
574 1267 723 1340 tumultu,
751 1283 791 1328 ex
811 1265 896 1326 ltalia
920 1263 948 1324 in
969 1263 1141 1328 Sardiniam
1170 1275 1202 1330 et
1224 1268 1324 1330 Corsi-

192 1387 261 1430 cam
282 1369 449 1441 translato,
475 1368 661 1428 absolveret.
705 1369 813 1442 Longe
834 1363 998 1426 maximam
1020 1373 1121 1428 autem
1142 1370 1234 1432 huius
1256 1371 1324 1432 libri

194 1479 314 1549 partem
331 1469 452 1529 videtur
467 1467 539 1528 belli
552 1466 723 1529 Sertoriani
738 1465 906 1528 narrationi
924 1465 1079 1538 tribuisse,
1098 1470 1213 1547 quippe
1229 1475 1323 1548 quod,

193 1591 233 1635 cx
260 1589 321 1648 quo
345 1568 512 1647 Pompeius
540 1567 570 1630 in
587 1565 767 1646 Hispaniam
791 1565 891 1642 venit,
921 1584 1004 1629 novo
1029 1569 1134 1632 lurore
1154 1581 1325 1654 exarseret,

193 1683 241 1750 ut,
265 1671 405 1752 quremvis
425 1671 511 1734 varia
533 1673 657 1734 fortuna
678 1667 819 1730 maximis
840 1670 968 1746 procliis
992 1679 1197 1749 pugnaretur,
1221 1673 1324 1737 Serto-

192 1778 256 1842 rius
279 1785 381 1838 tamen
402 1774 536 1838 invictus
556 1778 678 1851 ageret,
707 1789 744 1832 ac
767 1790 829 1834 non
846 1775 949 1836 solum
971 1772 1103 1836 ducibus
1125 1756 1324 1850 adversariis,

192 1883 250 1945 sed
272 1880 364 1941 etiam
381 1877 441 1956 ipsi
461 1875 530 1938 urbi
551 1892 704 1938 summum
727 1874 867 1938 timorem
883 1877 1056 1952 praeberet.
1100 1876 1257 1940 Relicuam
1278 1896 1323 1938 re-

170 2042 173 2048 .
191 2001 260 2046 rum
282 1981 357 2044 loris
377 1986 534 2057 gestarum
555 1976 712 2038 materiam
730 1979 881 2055 praebent
902 1981 1016 2040 bellum
1037 1979 1272 2042 Macedonicum
1294 1987 1326 2042 et

190 2085 371 2147 Thracicum
390 2083 469 2145 duee
491 2079 653 2143 Scribonio
676 2077 808 2141 Curione
827 2089 964 2157 gestum,
988 2087 1018 2142 et
1041 2081 1216 2158 piraticum,
1237 2084 1322 2159 quod

191 2191 224 2251 P.
241 2185 391 2250 Servilius
414 2202 470 2261 per
489 2192 553 2245 tres
576 2201 676 2244 annos
694 2181 859 2245 continuos
879 2183 1112 2258 administravit,
1135 2183 1247 2261 quibus
1270 2202 1324 2245 no-

194 2309 265 2353 vum
293 2286 426 2350 accessit
446 2283 682 2347 Mithridaticum
712 2285 848 2359 tertium,
881 2284 968 2347 cuius
994 2283 1078 2346 initia
1104 2291 1213 2348 auctor
1234 2285 1324 2347 simul

194 2412 263 2455 cum
292 2391 375 2468 regis
407 2405 537 2467 genere,
564 2387 688 2465 ingenio
718 2405 755 2450 ac
783 2387 922 2450 moribus
945 2387 1058 2450 retulit.
1102 2390 1135 2450 ln
1164 2387 1257 2449 rebus
1275 2407 1323 2450 ur-

193 2495 281 2558 banis
303 2493 436 2556 maxime
458 2490 520 2570 egit
537 2492 576 2552 de
594 2490 681 2553 lactis
704 2489 867 2554 conatibus
890 2491 1055 2569 potestatis
1073 2489 1254 2554 tribuniciae
1277 2506 1324 2552 re·

194 2593 383 2671 stituendae',
410 2594 463 2671 qui
485 2592 558 2655 inde
582 2595 622 2654 ab
645 2611 727 2657 anno
750 2594 800 2655 76.
824 2613 887 2657 non
909 2593 995 2673 prius
1025 2600 1201 2668 cessarunt,
1231 2611 1323 2670 quam

192 2698 357 2776 Pompeius
384 2695 484 2774 plebis
518 2693 672 2757 desiderio
703 2695 869 2772 satisfecit,
902 2703 933 2759 et
959 2704 1024 2760 tum
1054 2693 1210 2759 coniuncti
1237 2703 1325 2758 erant

194 2821 264 2865 cum
285 2817 406 2864 summa
429 2796 564 2860 omnium
585 2814 689 2859 rerum
710 2799 861 2873 gravitate
884 2807 914 2862 et
936 2816 1080 2863 annonae
1102 2797 1218 2876 inopia,
1240 2799 1323 2859 unde

193 2905 342 2966 tumultus
369 2907 455 2962 ortus
484 2897 514 2956 in
541 2899 659 2958 Cottam
686 2903 863 2974 consulem,
897 2903 984 2964 cuius
1010 2901 1182 2965 orationem
1210 2903 1250 2962 ad
1277 2919 1324 2964 se-

194 3006 331 3071 dandum
353 3000 524 3062 animorum
543 3004 660 3059 motum
682 3000 816 3062 habitam
835 3002 999 3064 Sallustius
1022 3001 1214 3079 perscripsit.

278 3103 400 3168 Tertius
422 3100 500 3162 liber
523 3105 661 3162 extrema
681 3103 776 3164 habet
797 3101 926 3166 Sertorii
946 3111 1097 3180 tempora,
1117 3103 1324 3166 miserandam

195 3209 261 3272 eius
286 3207 415 3270 caedem
445 3212 476 3266 et
499 3201 595 3268 totius
624 3205 696 3266 belli
723 3206 849 3270 exitum.
900 3211 989 3288 Quod
1010 3209 1064 3272 ubi
1083 3208 1124 3269 ad
1142 3207 1235 3266 finem
1257 3223 1325 3266 ver·

195 3330 268 3390 gere
297 3309 414 3388 coepit,
443 3308 554 3371 eodem
579 3313 721 3384 tempore
743 3308 773 3370 in
797 3311 874 3373 Asia
895 3329 1016 3375 summa
1040 3311 1071 3374 vi
1102 3305 1245 3386 flagravit
1271 3306 1324 3368 illi·

195 3413 399 3491 thridaticum,
423 3408 525 3488 Cyzici
547 3411 780 3488 oppugnatione
802 3430 839 3474 ac
854 3413 1023 3477 fortissima
1046 3410 1229 3476 defensione
1251 3414 1326 3473 mul-

197 3517 299 3593 tisque
318 3511 501 3576 Mithridatis
522 3511 663 3574 cladibus
682 3512 819 3591 insigne,
844 3535 921 3594 quas
945 3518 1108 3580 Sallustius
1128 3515 1326 3593 persequitur

195 3633 295 3694 usque
318 3617 359 3676 ad
385 3615 461 3676 illud
483 3621 623 3691 tempus,
648 3614 714 3691 'quo
738 3634 794 3679 rex
815 3620 960 3683 Ponticus
982 3622 1022 3682 ad
1046 3618 1156 3682 Cabira
1176 3635 1212 3680 se
1233 3636 1326 3680 rece-

195 3719 248 3797 pit.
298 3717 331 3776 ln
358 3715 541 3778 Macedonia
573 3723 604 3778 et
629 3717 757 3780 Thracia
784 3721 898 3784 bellum
933 3723 1145 3785 continuatum
1179 3739 1197 3782 a
1224 3721 1324 3783 Scrib.

197 3819 343 3894 Curione,
369 3836 407 3880 eo
436 3817 650 3901 memorabile,
676 3822 761 3897 quod
785 3824 850 3884 dux
872 3827 1031 3888 Romanus
1059 3832 1125 3888 tum
1144 3825 1263 3902 primus
1285 3827 1326 3887 ad

195 3919 367 3986 Danubium
404 3919 556 3998 pervenit.
610 3922 727 3984 Eodem
752 3932 894 4003 tempore
916 3930 955 3989 M.
976 3928 1131 3990 Antonius
1152 3933 1261 3990 contra
1282 3927 1325 4004 pi-

195 4032 278 4087 ratas
309 4030 341 4086 et
359 4024 524 4084 Cretenses
548 4041 667 4086 summa
693 4027 841 4088 socordia
860 4029 974 4093 bellum
996 4031 1107 4107 gessit,
1136 4028 1223 4090 euius
1242 4029 1325 4103 igna-

195 4128 276 4189 viam
299 4133 331 4189 et
355 4127 483 4188 foedum
510 4127 625 4188 exitum
654 4143 672 4188 a
697 4129 842 4192 Sallustio
866 4132 1048 4209 castigatum
1075 4132 1172 4193 luisse
1198 4133 1324 4208 planum

196 4238 309 4294 estex
331 4231 516 4307 Fragmenta
541 4227 616 4291 satis
638 4230 819 4310 conspicuo.
868 4233 980 4298 Fusius
1005 4252 1097 4312 quam
1126 4235 1325 4306 dextroque

195 4333 276 4397 bello
306 4332 390 4398 haud
420 4332 513 4398 dubie
535 4331 681 4414 exposuit
702 4335 741 4398 de
760 4335 909 4399 acerrimo
934 4333 1099 4400 certamine
1128 4351 1199 4395 cum
1226 4329 1324 4406 lugiti-
