3102 4956
473 353 722 411 HISTORIARUM
743 353 978 446 rennuente.
1020 352 1086 408 LlB.
1107 353 1139 407 ll.
1275 347 1337 411 159

352 543 404 611 50.
447 540 564 612 Oranb
592 539 626 609 C.
655 539 767 610 Cottae
787 539 929 610 consoles
950 539 997 608 od
1012 537 1124 630 popul
1174 591 1180 607 .

351 663 435 735 Dein
462 663 558 734 Cotta
580 663 613 733 in
635 663 722 732 hunc
744 664 876 752 modum
897 663 1068 733 disseruit:

354 787 514 874 Quirites,
534 789 634 860 multa
650 775 726 858 mihi
740 787 887 880 pericula
906 787 992 857 domi
1007 785 1221 879 militiaeque,
1235 776 1337 858 multa
1353 776 1356 780 ’

252 1045 288 1092 ex
300 1030 430 1101 antiquae
445 1029 600 1101 scripturae
610 1029 741 1100 vestigiis
757 1029 817 1084 erui
831 1028 932 1098 possit,
946 1028 1047 1084 mirum
1062 1033 1114 1096 est,
1129 1027 1337 1098 quodPertzius

170 1143 173 1152 =
251 1121 384 1186 tanquam
405 1131 435 1170 re
467 1114 679 1186 certascripsit
707 1116 736 1168 tn
758 1113 1060 1186 propugnaculum
1081 1114 1223 1184 pervenit,
1251 1129 1338 1170 sensu

250 1200 355 1271 pariter
386 1201 509 1256 alienum
545 1203 626 1270 atque
655 1198 712 1254 fide
747 1198 918 1256 destitutum.
968 1196 1035 1254 Inde
1066 1197 1149 1254 ducta
1176 1197 1336 1272 Kreyssigii

253 1286 417 1340 coniectura
440 1283 520 1354 (Cur.
545 1301 601 1339 sec
622 1301 651 1354 p.
673 1290 707 1343 21
732 1286 790 1355 sq.)
813 1285 841 1338 in
860 1285 919 1337 eius
939 1284 1117 1340 coenaculum
1134 1284 1262 1353 pervenit
1279 1301 1336 1339 non

227 1379 229 1384 '
254 1369 425 1440 displiceret,
442 1367 580 1440 siquidem
591 1367 669 1424 haud
684 1368 866 1439 improbabile
874 1365 996 1430 videtur,
1011 1366 1213 1422 multitudinem
1229 1369 1337 1439 lugien-

253 1459 296 1508 tes
315 1459 440 1509 secutom
455 1470 512 1508 non
531 1454 621 1508 solum
642 1454 671 1508 iu
694 1452 795 1508 domus
811 1449 984 1508 Octavianae
1002 1452 1171 1508 vestibulum
1192 1456 1219 1506 et
1238 1456 1337 1508 atrium

255 1538 408 1613 irrupisse,
425 1537 477 1592 sed
492 1537 576 1593 etiam
588 1538 616 1593 in
633 1538 807 1608 superiorem
826 1537 887 1592 eius
903 1535 1140 1608 contignationem
1156 1535 1218 1590 sive
1236 1553 1338 1593 coena-

254 1624 362 1692 culum,
388 1639 442 1694 quo
459 1625 589 1678 consules
607 1625 688 1680 ambo
708 1639 772 1678 cum
793 1623 893 1678 ceteris
909 1637 940 1676 se
957 1621 1101 1692 recepisse
1117 1627 1338 1678 consentaneum

254 1713 306 1778 est,
329 1703 415 1766 scolis
428 1707 596 1764 ascendisse
602 1723 610 1775 ;
629 1707 681 1762 sed
697 1707 828 1778 quoniam
841 1723 875 1762 ea
890 1706 1052 1762 coniectura
1066 1709 1139 1762 iusto
1155 1705 1337 1762 fundamento

254 1800 346 1862 earet,
365 1792 435 1848 nihil
455 1793 481 1847 ei
497 1791 674 1848 tribuendum
691 1808 805 1848 censeo.
848 1790 986 1846 Huschkii
1009 1807 1078 1846 vero
1098 1791 1210 1848 medela
1231 1809 1261 1862 p·
1275 1795 1337 1852 nrt.

253 1879 400 1949 proposita
421 1879 523 1949 mpenti
531 1893 629 1949 pugna
645 1879 742 1942 ciuium
751 1879 880 1950 pervenit
894 1893 951 1931 non
968 1877 1058 1932 solum
1079 1877 1273 1949 probabilitate
1291 1895 1338 1932 ex·

255 1969 333 2018 terna
348 1979 405 2018 non
422 1969 465 2018 est
479 1963 588 2030 melior,
609 1961 710 2017 sedeo
727 1963 840 2018 nomine
855 1962 941 2016 multo
958 1960 1090 2034 deterior,
1106 1961 1191 2032 quod,
1210 1968 1338 2035 utsupra

255 2046 413 2116 docuimus,
429 2063 526 2119 pugna
541 2047 645 2104 civium
660 2047 688 2102 in
703 2047 750 2102 illo
765 2048 882 2102 tumultu
897 2047 981 2116 plane
997 2062 1053 2102 non
1070 2047 1128 2101 luit.

195 2138 197 2142 ⁴
231 2196 234 2201 ¹
339 2133 385 2188 Fr.
400 2138 444 2191 50.
475 2130 562 2200 [Cort.
580 2134 798 2202 peel-1002
829 2129 904 2185 Gerl.
919 2129 965 2185 ed.
982 2131 1046 2186 mai.
1068 2133 1126 2186 lnc.
1146 2133 1187 2189 17.
1207 2131 1253 2187 ed.
1268 2133 1334 2188 min.

255 2217 358 2284 11‚ot.
379 2234 408 2287 p.
424 2219 485 2274 206.
514 2217 596 2271 ltebr.
614 2216 655 2285 ll,
679 2217 752 2283 lle]
796 2214 872 2271 Haeo
889 2215 978 2270 oratio
1001 2220 1092 2272 exstat
1108 2215 1135 2269 in
1151 2215 1233 2270 codd.
1252 2216 1336 2286 Vatt.‚

254 2303 364 2372 Ursin.,
387 2300 518 2357 Ciaccon.
545 2305 571 2354 et
587 2299 714 2368 Balliol.‚
735 2298 770 2354 de
791 2299 890 2370 quibus
911 2316 941 2354 v.
961 2300 1052 2354 Prael.
1094 2293 1244 2355 Praetereo
1265 2301 1338 2366 initii

197 2391 199 2396 '
255 2388 360 2460 exigua
375 2384 646 2458 quaedamvestigia
662 2392 812 2456 supersunt
826 2385 853 2438 in
861 2384 1036 2455 Palimpsesti
1045 2381 1222 2460 Toletani(v.
1230 2386 1338 2456 Praei.)

256 2474 311 2528 eol.
328 2472 380 2541 tv,
400 2486 472 2543 quae
488 2470 586 2525 litteris
603 2469 767 2526 maiusculis
785 2485 922 2541 expressa
936 2469 982 2525 hic
999 2470 1194 2526 subiiciemus:

463 2555 574 2614 UALIN
592 2592 745 2610 .......
761 2553 770 2610 ’.
788 2595 795 2609 .
813 2595 827 2624 ,ἲ
838 2594 969 2610 ......

462 2639 547 2696 INGO
566 2677 964 2696 .................

463 2723 591 2784 SERUit:
612 2723 748 2794 Quirites,
764 2726 851 2780 mulla

464 2808 542 2862 Nlllll
556 2809 682 2878 pericula
698 2808 773 2862 domi
792 2809 862 2864 mili-

464 2890 585 2958 TIAEQ.
599 2893 685 2946 multa
701 2890 825 2946 advorsa
841 2893 898 2946 lue-

462 2973 635 3043 REQuorum
651 2975 706 3030 alia
719 2977 820 3035 tolera·
871 3019 875 3026 e

426 3089 427 3092 =
464 3057 611 3114 BIPArtim
626 3059 734 3132 reppuli
750 3059 826 3134 deo-l

399 3175 400 3178 =
463 3144 527 3198 rultl
545 3143 666 3200 auxiliis.

258 3229 336 3298 Quae
352 3235 450 3285 tenues
467 3230 614 3284 columnae
632 3228 680 3284 lv.
697 3227 833 3299 reliquiae
856 3245 920 3284 cum
940 3227 1126 3284 cohaererent
1142 3244 1205 3283 cum
1226 3229 1339 3286 maiori·

257 3316 309 3370 bus
326 3313 469 3370 secundae
489 3319 516 3368 ct
533 3315 630 3370 tertiae
645 3315 791 3370 columnae
808 3313 830 3368 F
831 3313 996 3384 tegmentis,
1010 3329 1044 3368 eo
1060 3329 1116 3369 non
1132 3313 1223 3368 solum
1237 3311 1338 3376 horum

257 3400 336 3454 locus
352 3404 522 3456 monstratus
541 3405 597 3468 est,
613 3397 665 3457 sed
678 3399 847 3471 patefactum
862 3398 954 3467 etiam,
978 3415 1050 3470 quae
1066 3413 1168 3454 caussa
1181 3396 1265 3454 huius
1280 3399 1339 3455 sue·

258 3483 293 3538 rit
317 3484 463 3538 orationis.
507 3483 636 3544 Tumultu
654 3483 771 3538 enimin
786 3499 867 3538 saera
883 3484 930 3539 via
945 3490 1041 3539 coorto
1058 3499 1142 3554 quum
1162 3481 1244 3536 valde
1260 3499 1338 3555 pres-

189 3610 192 3618 ,
236 3585 240 3590 ’
259 3583 308 3624 sus
321 3566 400 3625 Cotta
415 3569 513 3627 consul
529 3569 557 3622 in
566 3568 678 3625 Octavii
688 3567 801 3624 domum
816 3569 968 3640 coningere
983 3575 1140 3641 cogeretur,
1155 3567 1202 3623 ubi
1217 3567 1339 3639 primum

259 3653 336 3708 furor
362 3652 482 3708 deterrit
511 3652 710 3724 multitudinis,
738 3651 844 3724 prodiit¹
861 3655 1052 3725 populumque
1070 3653 1197 3709 oratione
1221 3649 1338 3708 delinire

188 3792 191 3795 .
260 3737 364 3806 studiit‚
387 3737 442 3793 hoc
464 3737 600 3807 imprimis
621 3754 726 3810 agens,
748 3743 779 3792 nt
800 3742 827 3790 et
848 3753 942 3793 rerum
964 3737 1158 3806 adversarum,
1182 3739 1282 3809 quibus
1300 3739 1339 3793 oi-

258 3823 332 3882 vites
357 3820 578 3890 conflictarctur,
613 3840 645 3878 se
661 3823 813 3878 ¹insontem
840 3838 905 3878 esse
932 3822 1059 3892 doceret,
1090 3829 1116 3878 et
1141 3826 1269 3893 paratum
1306 3839 1337 3878 se

258 3907 419 3966 ostenderet
440 3907 477 3964 ad
499 3907 619 3963 animam
637 3923 689 3979 pro
710 3897 854 3980 republica
875 3907 1053 3979 vovendam,
1066 3910 1090 3964 si
1110 3912 1228 3962 mortem
1248 3923 1337 3976 suam,

259 4009 343 4064 quam
370 3993 396 4050 ei
418 3990 549 4048 videntur
568 3993 664 4049 minati
688 4007 770 4061 esse,
796 3993 993 4064 praesentibus
1017 3988 1202 4048 incommodis
1230 3990 1338 4046 mederi

228 4130 231 4136 ,
257 4094 343 4149 posse
364 4077 528 4146 crederent3
547 4077 591 4133 sin
606 4077 708 4146 minus,
729 4077 878 4134 tolerarent
896 4077 960 4133 lorti
978 4080 1070 4133 animo
1094 4075 1217 4134 adversa
1237 4082 1264 4132 et
1285 4077 1340 4132 rei-

256 4165 387 4233 publicae
410 4163 600 4221 eonsulerent.
617 4171 658 4202 '—
679 4160 772 4220 Oratio
795 4177 880 4232 quum
899 4179 972 4218 anno
994 4164 1038 4222 75.
1062 4179 1087 4218 a.
1104 4159 1168 4218 Chr.
1192 4178 1221 4216 n.
1243 4160 1338 4217 habita
1378 4171 1380 4175 ·

260 4247 304 4316 sit,
317 4263 372 4320 quo
385 4262 459 4304 anno
468 4247 498 4304 C.
507 4245 693 4306 Colleconsul
707 4246 766 4316 luit,
777 4245 840 4302 luce
853 4245 956 4304 clarius
968 4252 1019 4318 est,
1033 4244 1227 4304 adsecundum
1238 4245 1338 4301 librum
