3062 4958
439 375 688 446 ulsuolunautn
711 375 946 434 FRAGMENTA.
990 375 1058 432 ΗΒ.
1080 377 1126 431 ill.
1261 367 1324 434 205

235 589 390 662 quemque
407 567 596 658 promeae
614 564 768 644 caedere,
791 569 889 656 atqua
905 583 992 634 nunc
1011 565 1177 634 restantes
1195 561 1225 632 ai
1243 561 1323 632 illu·

238 692 358 764 debant
378 691 492 775 simul,
515 689 693 762 ueiaudam
725 687 757 760 in
777 686 911 760 modum
934 707 1095 780 perverso
1116 687 1268 773 volnere,
1291 691 1324 760 et

238 899 428 969 haecomnia,
445 915 516 970 quae
532 899 559 952 in
574 903 692 969 utroque
704 899 726 952 F
727 902 872 969 regmento
888 872 1040 951 memoriae
1056 895 1168 966 prodita
1184 897 1324 968 leguntur,

240 1000 331 1056 neque
347 985 446 1052 Nolae,
462 999 554 1055 neque
572 983 601 1037 in
618 983 717 1053 Popilii
736 983 817 1047 Foro,
840 995 931 1052 neque
945 980 1107 1051 Metaponti,
1132 987 1162 1036 ut
1174 981 1325 1038 Freinshe-

240 1069 322 1136 mius,
338 1067 487 1124 Bimardue
500 1074 527 1122 et
544 1067 713 1123 Debrossius
732 1067 837 1138 opinati
853 1071 927 1132 sunt,
951 1063 1004 1120 sed
1020 1065 1049 1120 in
1069 1081 1103 1119 eo
1119 1066 1261 1124 Lucaniae
1276 1083 1325 1139 op·
1436 1089 1438 1094 ¹

240 1153 315 1225 pido,
332 1152 409 1225 quod
426 1153 500 1208 Anni
514 1153 617 1208 Forum
634 1153 803 1219 vocabatur,
826 1167 843 1205 a
857 1150 984 1223 fugitivis
1001 1156 1160 1221 perpetrata
1179 1167 1260 1221 esse,
1292 1169 1324 1208 ac

240 1255 338 1298 rursus
354 1254 446 1310 nugas
462 1253 549 1310 agere
566 1236 753 1304 Germaniam,
773 1237 819 1308 qui
836 1237 901 1290 Vol.
913 1234 958 1290 ΙΙΙ.
974 1240 1078 1306 p.101.
1096 1241 1123 1289 et
1141 1239 1199 1295 1³8.
1221 1237 1323 1310 insigni

240 1321 368 1378 acumine
395 1339 446 1378 suo
467 1323 537 1378 nihil
559 1322 677 1390 eruerit,
700 1337 782 1392 quam
809 1321 879 1376 haec
903 1320 932 1374 in
956 1322 1025 1376 urbe
1040 1321 1132 1391 atique
1153 1335 1218 1376 esse
1239 1323 1324 1378 lacta.

242 1407 331 1475 Quale
350 1423 417 1462 vero
435 1408 543 1462 lacinus
559 1412 696 1477 patratum
717 1407 806 1476 luerit,
822 1411 849 1460 et
864 1405 892 1459 in
908 1419 991 1476 quem
1006 1407 1053 1460 vel
1066 1406 1095 1458 in
1110 1421 1191 1476 quos,
1207 1423 1325 1478 sequen·

242 1492 314 1548 tibus
327 1491 547 1548 enucleabirnus.

326 1592 401 1642 nunc
415 1581 549 1632 restantes
565 1577 591 1630 ei
601 1574 764 1642 illudebant)
780 1573 850 1630 (iod.
860 1575 923 1630 Vel.
940 1571 1325 1630 ‚UNCRESTANTESETL-

242 1659 450 1727 LUDEBANT3
464 1689 503 1704 -
527 1657 697 1716 Niebuhiius
715 1655 1269 1727 .lNCRESTANTESElLLUDEBANT3
1283 1687 1321 1700 -·

242 1745 391 1802 Bimardus
419 1745 550 1802 INGRES
571 1744 669 1800 ΤΑΝΤ
688 1744 756 1802 ESE
780 1741 1023 1811 lucubrantium
1046 1772 1092 1818 ·—,
1116 1744 1211 1798 Dousa
1232 1745 1325 1815 inpree

243 1835 318 1885 urnte
331 1837 373 1886 aet
390 1833 417 1887 ai
436 1831 604 1888 debacntttur
624 1831 657 1897 (l.
673 1829 902 1898 debaecbentee);
919 1859 962 1870 -
981 1827 1130 1885 Putschius
1151 1829 1230 1901 inpre
1252 1835 1326 1886 tante

240 1917 312 1970 adut
324 1916 501 1972 debacantur.
538 1916 588 1970 llis
605 1916 760 1986 scripturae
775 1915 907 1970 monstris
924 1929 1093 1986 quemquam
1111 1915 1260 1970 liberamur
1278 1933 1323 1970 co-

242 1999 402 2071 nineven,
424 2002 471 2073 qui
491 2003 627 2056 reeteutee
648 2005 675 2054 et
694 1999 844 2056 illudebant
863 2006 939 2055 certo
957 2002 1082 2069 praebet,
1105 2006 1214 2066 tamen,
1238 2017 1323 2071 quum

241 2091 337 2155 aperte
347 2086 440 2142 littera
454 2085 599 2154 exciderit,
616 2091 706 2140 utrum
722 2090 749 2139 et
761 2083 919 2153 illudebant,
936 2099 971 2138 an
988 2085 1014 2138 ei
1027 2083 1178 2139 illudebant
1190 2085 1324 2157 scriptum

242 2171 324 2224 luerit
338 2187 431 2242 neque
450 2173 545 2241 liquet,
563 2185 662 2241 neque,
684 2169 708 2224 si
728 2169 857 2239 liqueret,
882 2167 918 2222 de
934 2183 1021 2222 sensu
1038 2174 1158 2223 constet.
1194 2169 1327 2242 Kreyssi-

242 2247 315 2324 gius,
331 2256 380 2324 qui
394 2257 420 2310 ei
432 2256 572 2325 probavit,
595 2253 762 2324 Spartacum
783 2252 928 2324 designari
950 2258 1062 2318 censet,
1086 2267 1119 2306 ao
1137 2259 1272 2309 restantes
1286 2256 1326 2310 in-

241 2344 408 2409 terpretatus
427 2341 591 2394 reddentes·
603 2353 718 2394 sensum
739 2336 814 2392 huno
835 2353 899 2392 esse
916 2338 988 2392 vulti
1012 2336 1150 2408 Spartaco
1168 2334 1324 2414 iltmbbant,

236 2431 389 2495 praecepto
402 2426 460 2479 eius
477 2426 643 2480 resistenter.
688 2421 770 2490 Quod
786 2437 953 2495 quamquam
968 2421 1034 2477 olim
1053 2423 1082 2476 in
1098 2421 1231 2478 Seebodii
1252 2425 1324 2482 Bibl.

242 2508 304 2562 crit.
320 2525 349 2564 as
363 2515 440 2568 leae.
457 2509 522 2562 Vol.
539 2508 571 2563 ll.
588 2525 616 2580 p.
633 2511 695 2567 507.
713 2508 906 2578 probavimus,
925 2523 999 2562 nunc
1019 2514 1184 2562 tamennon
1204 2511 1325 2580 amplius

242 2593 308 2648 terri
330 2605 416 2665 posse
437 2593 607 2650 iudicamus.
652 2593 722 2647 Nam
744 2609 829 2663 quum
851 2593 923 2647 inira
944 2591 1056 2647 demum
1085 2595 1113 2657 S.
1133 2597 1175 2651 18.
1198 2601 1325 2651 narretur

242 2676 415 2749 Spartacum¹
432 2671 534 2734 trustra
555 2695 669 2734 suorum
688 2678 774 2732 larori
792 2678 943 2745 obstitisse,
962 2693 1018 2732 non
1041 2683 1262 2734 consentaneum
1283 2685 1326 2736 est

238 2759 404 2818 ‘Sallustium
422 2763 541 2818 eandem
556 2779 615 2818 renr
636 2763 730 2835 paullo
748 2769 811 2816 ante
827 2764 883 2818 iarn
898 2775 1144 2818 comemmorasse.
1178 2764 1248 2819 Tum
1263 2766 1325 2821 illn-

243 2845 309 2902 derc
324 2849 409 2903 eliciti
423 2863 478 2902 non
494 2848 634 2918 significat
647 2850 674 2903 ei
685 2863 740 2902 non
751 2847 868 2916 obedire,
885 2863 940 2918 quo
952 2860 1044 2903 'sensu
1059 2847 1198 2903 interdum
1214 2851 1326 2906 eludere

243 2932 360 3001 amnem
380 2931 498 3000 dicitur,
526 2932 577 2987 sed
597 2933 690 3003 potius
714 2933 790 2990 valet
811 2931 927 2988 launna
940 2932 1044 2987 babere
1065 2934 1109 2986 val
1132 2949 1194 2988 cum
1209 2935 1325 2991 bdtbnb

241 3020 374 3072 runcare.
420 3017 465 3072 Ad
480 3017 534 3072 hoc
554 3033 638 3088 quum
656 3016 807 3072 Sallustius
823 3017 948 3072 facinora
965 3032 981 3071 a
1002 3017 1094 3072 servis
1111 3020 1263 3075 commissa
1283 3037 1325 3075 re-

243 3107 357 3156 censeat
371 3101 458 3157 haec:
474 3108 610 3172 stuprum,
627 3100 753 3167 caedem,
773 3100 944 3169 incendium,
962 3100 1184 3173 praedationem,
1205 3119 1325 3161 necesse

244 3191 287 3240 est
309 3187 337 3241 in
353 3173 582 3242 antecedentibus
599 3185 901 3258 aliquantamque
921 3185 1027 3259 laeum
1047 3185 1159 3242 caemar
1178 3201 1238 3244 erse
1254 3190 1326 3246 indi-

244 3277 370 3340 caretur;
390 3272 470 3328 etad
489 3273 664 3328 interiectum
683 3272 806 3342 aliquem
820 3271 962 3326 homineni
978 3279 1106 3344 spectare
1123 3276 1209 3329 verba
1224 3277 1251 3329 ei
1262 3275 1323 3332 ttu-

243 3355 344 3411 debant
357 3358 432 3412 clare
447 3357 598 3412 ostendunt
616 3373 659 3424 ea,
676 3373 748 3428 qnae
765 3363 929 3428 sequuntur.
952 3355 1011 3414 Sed
1028 3363 1058 3412 ut
1073 3357 1113 3412 vde
1137 3365 1212 3414 certo
1229 3361 1323 3432 aliquo

243 3441 293 3495 vix
311 3443 430 3512 cogitari
450 3447 543 3514 potest
562 3443 591 3496 in
607 3442 769 3512 promiscua
785 3442 873 3496 caede
894 3443 1035 3510 omnium,
1058 3444 1096 3498 ita
1116 3445 1265 3515 quominus
1286 3447 1324 3502 ad

243 3527 339 3596 plures
360 3527 509 3582 tdudebant
524 3529 647 3591 referas,
672 3526 811 3597 quadres
829 3529 892 3598 ipsa
909 3526 1023 3595 suadet,
1042 3529 1193 3598 probibere
1213 3529 1325 3589 videtur

243 3611 395 3683 singularis
420 3614 595 3667 numerusei
611 3613 794 3682 pronominis.
838 3612 931 3681 Quare
953 3619 981 3667 ut
996 3613 1069 3668 haec
1091 3615 1185 3671 omnia
1200 3630 1325 3690 quoquo-

243 3695 327 3752 modo
339 3696 547 3766 expediremus,
562 3699 660 3752 lacuna
671 3703 812 3768 utcunque
824 3697 884 3751 lieri
895 3699 984 3768 potuit
998 3693 1110 3769 expleta
1128 3704 1215 3755 totum
1231 3701 1324 3761 locum

242 3782 284 3838 sic
300 3783 470 3837 constituere
488 3782 579 3837 conati
595 3795 710 3838 sumus:
736 3789 785 3850 „et
800 3783 847 3837 alii
863 3783 960 3838 otuimn
981 3783 1085 3839 obuium
1105 3799 1236 3858 quemque
1253 3805 1323 3858 pro-

241 3868 343 3923 mr'aeue
359 3867 485 3938 caedere,
499 3873 581 3939 aque
595 3881 669 3921 nnuc
684 3872 823 3924 restantes
839 3869 865 3922 ei
885 3867 1038 3926 illudebant
1058 3870 1155 3938 simul,
1171 3871 1325 3928 natandum

243 3952 271 4005 in
290 3951 404 4008 modum
424 3967 561 4023 perverso
583 3953 716 4021 volnere,
734 3958 762 4006 et
777 3949 1055 4008 interdum‘laeerum
1071 3969 1173 4025 corpur
1194 3957 1325 4013 semiani-

242 4051 319 4092 mum
333 4037 520 4092 omittentes.“
552 4037 610 4092 lam
627 4037 738 4108 singula
754 4038 949 4109 dispiciamus.
979 4037 1026 4103 Ad
1042 4039 1138 4094 ciuem
1152 4055 1252 4097 vocem
1270 4043 1324 4098 du-

242 4135 305 4175 cere
317 4119 430 4178 videtur
443 4121 463 4178 C
474 4121 564 4196 littere
578 4121 607 4175 in
622 4122 677 4176 imo
697 4137 781 4179 versu
790 4125 946 4180 columnae
959 4129 1057 4181 sextae
1073 4124 1202 4194 residna3
1219 4127 1323 4182 uberum

240 4219 372 4276 artemque
389 4214 480 4263 autem
495 4207 631 4278 scriptum
647 4206 734 4261 luisse
750 4209 895 4278 probabile
910 4207 1004 4264 reddit
1019 4210 1045 4264 ei
1053 4225 1228 4280 pronomen,
1247 4212 1323 4282 quod

240 4288 277 4342 ita
298 4287 450 4366 habetque
468 4306 554 4348 sensu
567 4292 668 4366 plurali
684 4292 828 4350 referatur.
874 4293 981 4362 Quodsi
998 4293 1080 4362 baec,
1100 4302 1130 4350 ut
1143 4295 1322 4368 confidimus,
