3062 4958
432 391 681 451 HISTORIARUM
701 391 938 451 FRAGMENTA.
981 393 1047 451 LIB.
1068 393 1115 449 lV.
1243 387 1307 452 ³55

326 585 379 650 66.
420 577 661 674 lnlrequentem
682 579 856 652 stationem
874 585 1021 652 nostram
1043 581 1307 674 incuriosamque

224 709 290 778 lam
314 705 356 775 ab
382 703 492 806 umis.

326 836 379 903 67.
421 829 484 917 Oui
499 831 652 924 proxumi
673 830 747 900 1666
769 829 913 901 hostium
931 834 1033 902 erant.

326 963 378 1027 68.
420 955 547 1028 Stolide
574 961 683 1027 eastra
705 977 924 1048 suggressus.

326 1089 378 1154 69.
423 1081 485 1168 Qui
506 1079 678 1174 praetores
701 1079 827 1150 facibus
849 1080 911 1150 sibi
933 1080 1162 1172 praelucentes
1187 1083 1307 1152 ambu-

226 1211 295 1277 stas
322 1207 355 1276 in
378 1207 472 1277 tectis
497 1207 569 1280 sine
594 1229 675 1278 xterrra
696 1205 904 1298 reliquerant.

223 1411 392 1470 demannus.
436 1411 476 1468 De
508 1414 661 1470 munitione
690 1413 808 1468 alieuius
835 1412 912 1468 urbis
937 1413 982 1469 vel
1005 1411 1112 1470 rastelli
1138 1410 1209 1466 haee
1232 1412 1307 1470 61616

228 1497 368 1554 videntur.

307 1585 352 1639 Fr.
367 1585 411 1643 66.
442 1583 539 1654 [Deest
559 1581 637 1654 apud
661 1580 745 1652 Cort,
768 1582 843 1639 Gerl.
864 1580 910 1637 ed.
930 1583 997 1638 mai.
1019 1586 1045 1636 et
1067 1580 1149 1638 Debr.
1169 1611 1212 1622 -·-
1232 1584 1305 1639 Gerl.

223 1669 270 1724 ed.
294 1670 362 1728 6616.
383 1668 431 1738 lV,
453 1674 498 1728 66.
521 1685 547 1742 p.
568 1671 636 1737 667,
657 1665 714 1742 66]
749 1668 841 1724 Loous
862 1681 962 1724 reeens
978 1668 1100 1724 66666611
1116 1683 1152 1722 ex
1173 1667 1305 1725 Arusiani

223 1753 287 1810 666.
303 1754 375 1810 Gud.
394 1771 422 1810 v.
441 1756 618 1823 incuriosum,
634 1771 661 1826 p.
677 1754 881 1812 6461166666.
910 1751 997 1809 Stotr'o
1014 1755 1154 1809 incurioso
1169 1754 1205 1808 ab
1219 1759 1307 1811 ormr's

223 1837 364 1912 signifieat
379 1839 481 1895 milites
498 1841 527 1895 in
545 1839 663 1895 statione
677 1840 797 1914 positos,
813 1853 902 1912 66666
915 1855 996 1893 orma
1013 1841 1042 1894 16
1054 1846 1187 1912 promptu
1202 1839 1305 1896 boben—

222 1930 269 1981 tes.
292 1923 378 1982 Cuius
394 1925 435 1980 rei
450 1924 632 1981 illustrandae
648 1936 752 1982 caussa
767 1925 874 1984 iuvabit
889 1925 1026 1992 conterre,
1043 1938 1115 1996 quae
1128 1924 1163 1980 de
1176 1925 1259 1981 simili
1274 1941 1304 1984 re

222 2011 351 2084 leguntur
367 2009 443 2083 apud
459 2009 540 2067 Caes.
556 2011 591 2068 de
607 2011 640 2066 Β.
656 2009 686 2073 C,
704 2011 794 2080 11,14,
812 2017 838 2069 1.
869 2011 984 2081 Hostes,
999 2011 1102 2064 6661616
1116 2009 1305 2082 torquentibus

221 2103 302 2169 utque
316 2098 406 2152 animo
420 2098 557 2164 remissis,
573 2113 657 2169 prum
671 2097 743 2152 61166
758 2097 940 2163 6666666661,
958 2095 1030 2150 elius
1044 2109 1082 2150 66
1096 2094 1198 2152 diotimo
1212 2096 1306 2152 labore

220 2183 334 2254 tarpeis
348 2181 478 2253 operibus
491 2180 763 2254 pessumdedisset,
787 2195 886 2235 ormo
907 2193 988 2236 vero
1006 2180 1119 2234 orario
1141 2183 1304 2252 reposito

221 2273 454 2338 oonteotapae
473 2271 618 2334 666661,
627 2268 718 2338 portis
732 2280 762 2320 se
775 2264 857 2337 foros
872 2269 1028 2337 erumpunt.

305 2351 350 2406 Fr.
368 2355 413 2411 67.
446 2347 544 2428 [Deest
565 2350 640 2423 apud
662 2349 743 2416 cort,
766 2351 840 2407 Gerl.
863 2349 909 2406 ed.
931 2351 995 2406 mai.
1017 2355 1045 2403 61
1066 2348 1149 2405 Debr.
1164 2372 1208 2390 -r
1227 2349 1304 2407 Gerl.

222 2435 269 2492 ed.
284 2436 351 2492 min.
365 2435 413 2506 IV,
429 2438 472 2496 76.
488 2453 516 2510 p.
532 2441 594 2506 636,
612 2433 669 2511 lo]
703 2435 792 2492 Huius
808 2452 919 2508 quoque
941 2436 995 2491 1661
1011 2435 1075 2490 1666
1091 2439 1135 2490 est
1149 2433 1212 2490 eod.
1231 2434 1303 2491 Gud.

222 2522 354 2580 Arusiani
375 2539 403 2578 v.
419 2525 585 2596 proximus,
604 2539 633 2596 p.
654 2527 715 2582 666.
738 2522 865 2579 Lindem.
888 2521 1010 2593 Propior
1032 2527 1060 2576 et
1073 2522 1225 2593 promimus
1240 2537 1309 2592 eum!

222 2609 384 2665 accusativo
404 2609 507 2681 legitur
527 2609 612 2664 etiam
631 2607 709 2664 Catil.
726 2607 780 2676 XI,
799 2615 823 2668 l.
855 2605 935 2674 Quod
952 2608 1043 2662 vitium
1056 2609 1210 2679 propius
1231 2609 1303 2662 oir-

221 2698 325 2749 tatem
340 2700 409 2750 erut.
443 2695 504 2766 lug.
519 2692 614 2763 XLIX,
633 2699 659 2751 1.
688 2693 756 2766 Ipse
766 2695 921 2766 propior
936 2698 1081 2750 montem
1098 2705 1163 2747 6666
1180 2693 1303 2748 66116661.

222 2777 290 2834 ibid.
318 2783 345 2844 s.
369 2783 396 2838 6.
439 2778 477 2833 16
498 2779 612 2836 dextero
637 2779 737 2848 lutere,
763 2778 838 2850 quod
855 2793 1073 2850 proxumum
1092 2776 1210 2832 bostis
1233 2785 1304 2850 erat,

221 2865 309 2918 666666
324 2865 467 2918 instruxit.

284 2947 351 3002 ’116
368 2950 411 3005 68.
442 2944 540 3022 [Deest
560 2946 637 3020 apud
658 2945 750 3015 6661,
773 2947 847 3002 6661.
865 2947 910 3002 66.
930 2950 996 3004 mai.
1017 2954 1044 3002 61
1059 2949 1144 3004 Debr.
1166 2963 1208 2989 -‘-
1228 2949 1302 3006 6661.

222 3032 268 3087 ed.
284 3031 352 3100 min.
366 3031 413 3098 IV,
430 3033 475 3090 77.
488 3049 516 3104 p.
532 3035 596 3106 666,
614 3027 668 3105 13]
701 3032 814 3104 Fragm.
834 3037 934 3088 exstat
948 3035 977 3088 in
997 3033 1062 3088 666.
1083 3033 1155 3090 666.
1169 3035 1302 3091 Arusiani

223 3134 252 3174 v.
266 3117 437 3191 suppredr‘or,
452 3135 480 3189 p.
499 3121 561 3178 666.
577 3117 704 3174 Lindem.
730 3117 854 3172 Verbum
869 3117 923 3173 hoe
935 3118 1031 3174 Tacito
1047 3122 1206 3191 {requenter
1220 3135 1301 3174 usur-

222 3209 318 3276 patum
338 3204 389 3274 (61.
411 3203 580 3260 Β66111616661
599 3204 667 3260 Lex.
690 3203 779 3258 Taoit.
800 3202 830 3258 h.
846 3220 874 3259 v.
892 3219 922 3276 p.
938 3206 1014 3274 447.)
1030 3203 1181 3260 Sallustius
1195 3204 1303 3276 primus

223 3289 386 3352 adhibuisse
401 3287 522 3345 videtur.

306 3375 354 3428 Fr.
372 3378 417 3435 69.
447 3372 543 3449 [Deest
565 3374 640 3446 apud
665 3373 748 3443 6661,
772 3374 847 3430 6661.
866 3373 915 3430 66.
937 3374 1002 3430 mai.
1024 3375 1208 3432 6111666-
1228 3375 1301 3432 6661.

223 3458 268 3514 66.
289 3459 356 3514 min.
372 3460 420 3528 IV,
437 3463 479 3520 76.
495 3477 525 3532 p.
540 3462 674 3530 661111]
705 3461 780 3516 Haeo
804 3462 890 3517 verba
913 3459 1019 3532 pariter
1042 3467 1070 3518 ut
1092 3461 1240 3532 superiora
1256 3477 1303 3518 en·

138 3575 144 3586 .
222 3549 295 3600 stant
315 3544 344 3600 in
364 3543 428 3604 eod.
452 3544 525 3601 Gud.
542 3546 696 3616 Arusiani,
720 3563 748 3603 v.
768 3543 1150 3620 66661666666661166.
1194 3545 1302 3604 Sensus

222 3628 307 3688 valde
324 3632 461 3698 obscurus
480 3635 532 3702 est,
548 3638 576 3687 et
592 3633 640 3688 vix
655 3629 810 3687 eruendus.
840 3627 883 3686 Ex
898 3633 1034 3688 orationis
1049 3637 1144 3688 temen
1158 3633 1248 3688 lorma
1263 3635 1304 3689 16-

222 3715 354 3788 telligitur
372 3715 425 3770 sibi
443 3717 541 3771 reterri
562 3716 599 3772 66
622 3716 819 3789 praeeedentis
840 3713 1051 3773 6666616116616Ι
1067 3715 1218 3790 primariae
1240 3721 1304 3775 sub-

222 3799 340 3870 leolum,
362 3799 439 3872 quod
452 3801 507 3858 viri
524 3801 643 3860 alieuius
657 3803 770 3859 nomine
784 3803 919 3872 constitit,
935 3805 983 3876 pai
990 3809 1140 3876 praetores
1154 3818 1223 3860 vero
1238 3821 1303 3878 per-

174 3907 176 3911 ⁴
221 3887 309 3941 tinere
333 3885 370 3942 ad
390 3885 451 3942 eius
474 3888 680 3945 enunciationis
702 3889 849 3944 obiectum.
881 3887 1034 3945 Praetores
1056 3895 1149 3944 autem
1171 3905 1228 3944 non
1242 3907 1300 3946 ma·

222 3972 356 4044 gistratus
383 3971 557 4044 significant,
583 3973 636 4028 sed
661 3974 803 4048 primitiva
827 3973 959 4030 vocabuli
985 3979 1124 4046 potestate
1150 3979 1230 4044 sunt,
1257 3978 1305 4048 put

216 4056 393 4128 praecedunt
406 4057 523 4131 otrpuem
537 4058 598 4114 sive
618 4065 759 4132 praeeunt
774 4059 855 4132 quasi
871 4061 1031 4132 praeitores
1050 4059 1127 4114 diott.
1167 4059 1229 4115 *Eos
1244 4075 1303 4116 ser-

221 4157 274 4200 vos
291 4144 381 4200 tuisse
394 4143 423 4198 16
436 4148 570 4217 promptu
584 4151 635 4201 est.
678 4144 731 4213 Qui
746 4158 832 4217 quum
846 4144 964 4210 abiectis
978 4145 1006 4200 in
1022 4145 1101 4200 tectis
1120 4145 1228 4202 taribus
1246 4159 1304 4199 am·

221 4229 312 4285 bustis
332 4230 434 4303 supine
455 4229 626 4302 negligentia
641 4229 764 4287 incendii
780 4232 936 4304 perieulum
958 4230 1195 4303 commovissent,
1213 4246 1302 4302 eaque

223 4329 271 4370 res
287 4315 440 4388 singularis
456 4317 574 4372 alieuius
598 4317 679 4386 16611,
700 4317 944 4388 quodsalluslius
959 4318 1236 4374 commemorandum
1252 4316 1303 4374 du·

1024 4411 1095 4476 23*
