3098 4970
471 423 722 485 ursronmaun
742 401 977 485 5050005551.
1020 425 1089 483 ma.
1110 427 1133 483 1.
1273 489 1278 496 ,
1303 419 1346 486 ee

257 612 342 684 sidio
357 612 441 700 sint,
458 631 660 705 operamque
674 612 769 698 dent,
792 633 835 682 ne
856 608 934 706 quid
951 608 1148 703 respublica¹
1160 611 1344 683 detrimenti

258 737 374 828 capiat.

235 853 240 866 ”
285 911 291 919 -
360 866 413 932 52.
452 861 553 954 Apud
576 859 742 932 Mutinam.

360 990 412 1062 ⁵³.
453 987 614 1078 Lepidum
639 984 861 1078 poenitentem
882 982 1007 1054 consili.

363 1115 414 1182 54.
456 1111 556 1183 Cosa.

260 1314 410 1390 μισθεῖσα,
428 1302 731 1390 κατωρθωκότος
748 1301 840 1369 ἄνευ
853 1301 970 1386 μάχης
984 1297 1049 1367 τὸν
1062 1301 1229 1386 πόλεμον
1244 1331 1270 1368 κ.
1283 1331 1307 1368 τ.
1321 1313 1347 1368 t.

261 1401 322 1456 Liv.
337 1401 411 1472 Epit.
426 1399 484 1456 XC.
514 1397 553 1454 M.
570 1399 691 1468 Brutus,
708 1399 756 1469 qai
773 1397 940 1468 Cisalpinam
958 1396 1075 1452 Galliam
1092 1396 1239 1467 obtinebat,
1260 1415 1278 1452 0
1298 1397 1347 1460 en.

262 1483 393 1558 Pompeio
412 1488 519 1542 0001000
533 1489 581 1542 est.
612 1483 706 1536 Valer.
721 1483 796 1540 Max.
813 1481 866 1550 Vl,
882 1488 913 1549 2,
928 1487 955 1539 8.

347 1589 393 1645 Fr.
408 1595 454 1650 53.
482 1587 575 1664 [Cort.
591 1607 620 1661 p.
638 1593 701 1648 953.
731 1587 803 1643 Gerl.
818 1585 864 1640 ed.
881 1587 945 1642 mai.
965 1587 1050 1655 Lae.
1080 1587 1125 1642 ed.
1141 1588 1208 1644 min.
1223 1587 1244 1654 1,
1259 1591 1304 1646 56.
1319 1605 1349 1659 p.

264 1679 391 1742 190,14.
421 1676 503 1732 Debr.
519 1675 540 1742 1,
556 1677 602 1732 84.
617 1673 693 1740 0111,
710 1675 781 1745 tot,
803 1673 898 1728 Verba
913 1671 1040 1727 laudavit
1055 1671 1164 1728 Charis.
1181 1671 1228 1727 111.
1243 1688 1271 1742 p.
1289 1678 1350 1730 150.

263 1759 391 1816 Lindem.
412 1762 462 1832 (p.
483 1762 546 1820 224.
560 1758 696 1826 Putsch.)
717 1762 831 1829 propter
854 1757 995 1812 insolitum
1004 1759 1149 1828 poenitere
1163 1758 1243 1814 verbi
1258 1773 1350 1826 usum,

249 1844 300 1898 de
321 1861 376 1918 quo
392 1862 421 1901 v.
435 1861 508 1916 quae
524 1844 646 1899 diximus
661 1841 699 1898 ad
719 1843 781 1915 lug.
796 1860 820 1896 0.
836 1840 912 1908 CIV,
933 1847 959 1899 5.
979 1858 1008 1914 p.
1024 1846 1102 1910 588,
1124 1844 1187 1898 coll.
1203 1841 1351 1914 Spalding.

264 1929 302 1984 ad
317 1929 431 1998 Quintil.
448 1929 501 1998 lX,
518 1934 550 1998 3,
568 1935 619 1996 la,
637 1928 684 1999 qui
701 1926 863 1984 Sallustium
879 1927 964 1981 refert
978 1928 1080 1982 alieubi
1096 1926 1202 1983 dixisse
1217 1943 1273 1984 000
1280 1941 1349 1998 poe-

264 2015 394 2070 niturum.
428 2015 603 2086 Quamquam
618 2019 711 2068 autem
727 2013 862 2068 incertum
878 2015 932 2078 est,
948 2011 1029 2069 cuius
1048 2013 1088 2066 rei
1104 2011 1240 2084 Lepidum
1255 2012 1353 2083 poeni-

264 2099 356 2166 tuerit,
374 2104 469 2155 tamen
484 2115 541 2152 non
555 2114 673 2169 prorsus
689 2099 796 2153 absone
810 2096 955 2160 coniicias,
972 2112 1046 2163 eum,
1062 2096 1158 2152 audito
1173 2095 1250 2152 Bruti
1266 2097 1353 2166 exitu,

264 2183 375 2240 consilii
386 2183 463 2240 ardis
476 2182 648 2238 invadendae
657 2182 842 2252 poenituisse.
865 2178 924 2236 Sed
933 2185 992 2234 utut
1003 2185 1055 2248 est,
1071 2186 1145 2235 certe
1158 2183 1184 2235 in
1196 2180 1250 2236 hac
1262 2181 1353 2234 llisto-
1397 2196 1400 2201 ’

265 2269 370 2324 riarum
382 2273 472 2338 parte,
489 2283 545 2337 qua
559 2271 655 2322 auctor
671 2265 706 2320 de
721 2266 806 2322 irritis
821 2263 918 2334 Lepidi
935 2266 1081 2328 conatibus
1097 2266 1163 2336 egit,
1180 2265 1268 2320 verba
1282 2266 1354 2320 lecta

171 2381 182 2408 ι
266 2354 385 2408 luerunt.
415 2350 498 2420 Quod
515 2366 685 2422 quamquam
699 2351 782 2406 etiam
796 2339 965 2406 Debrossius
984 2353 1059 2404 recte
1073 2350 1178 2416 sensit,
1194 2355 1286 2404 tamen
1301 2351 1355 2405 sibi

267 2443 422 2508 temperare
438 2453 495 2492 non
508 2436 612 2508 potuit,
631 2436 698 2507 quin
713 2434 814 2490 eadem
829 2435 899 2490 libro
916 2434 1042 2490 secundo
1058 2435 1232 2506 ineptissime
1249 2441 1356 2506 repete-

267 2527 324 2589 ret,
348 2520 485 2594 Lepidum
500 2520 626 2592 tingens,
650 2537 736 2591 quum
749 2520 845 2587 uxori,
867 2518 996 2575 adulterii
1019 2520 1183 2587 convictae,
1205 2519 1353 2590 repudium

267 2607 401 2674 misisset,
416 2612 516 2678 postea
532 2606 593 2661 eius
606 2607 671 2660 lacti
686 2605 771 2661 valde
787 2605 978 2676 poenituisse;
996 2621 1068 2675 quae
1080 2595 1356 2674 hariolatio'perver-

268 2691 382 2748 sissima
394 2693 579 2763 explicatione
591 2691 752 2762 Fragmenti
767 2691 847 2762 Lat).
860 2690 964 2744 nititur.
992 2689 1178 2746 Nihilominus
1191 2689 1356 2744 Gerlachius

262 2778 297 2840 ,in
313 2775 359 2830 ed.
377 2777 446 2831 min.
457 2775 503 2832 his
516 2774 692 2846 Fragmentis
709 2775 865 2844 coniunctis
876 2773 1021 2830 Debrossii
1037 2775 1203 2830 sententiam
1218 2775 1299 2844 sequi
1316 2774 1358 2828 vi-

269 2860 364 2929 detur,
386 2876 422 2914 nc
442 2858 497 2914 hoc
512 2857 624 2930 quidem
641 2865 804 2928 assecutus,
828 2858 1006 2928 Sallustium,
1028 2861 1052 2914 si
1073 2875 1104 2912 re
1119 2875 1188 2914 vera
1209 2858 1244 2912 de
1259 2858 1358 2930 Lepidi

250 2971 252 2975 ·
269 2959 398 3000 moerore
414 2960 450 2998 cx
465 2941 582 3014 repudio
599 2943 696 2996 uxoris
711 2947 792 3013 capto
807 2944 927 3013 egisset,
946 2958 1009 2998 eam
1024 2959 1083 2998 rem
1099 2943 1223 2998 nonnisi
1238 2944 1359 3000 secundo

270 3028 341 3083 libro
352 3030 478 3099 prolerre
491 3026 618 3098 potuisse
626 3041 635 3094 ;
650 3027 686 3081 cl.
698 3026 839 3081 Plutarch.
852 3027 881 3080 in
891 3026 1015 3097 Pompei.
1031 3045 1057 3082 0.
1070 3032 1113 3086 18.
1125 3029 1200 3083 Flor.
1214 3028 1260 3098 lll,
1274 3033 1319 3098 23,
1335 3031 1362 3087 7.

270 3114 339 3169 Ρ150.
354 3113 388 3168 11.
405 3113 439 3170 Ν.
455 3111 520 3182 VH,
536 3115 579 3172 36·
736 3124 738 3127 ’

355 3219 399 3275 l'r.
415 3221 458 3277 54.
496 3214 590 3292 [Gort.
608 3234 634 3289 p.
651 3220 728 3276 10⁰6.
760 3216 834 3272 Gerl.
850 3215 896 3271 ed.
913 3216 980 3270 mai.
996 3215 1052 3270 lnc.
1067 3218 1113 3274 88.
1124 3215 1180 3280 ed.
1194 3217 1261 3271 min.
1278 3217 1303 3285 l,
1318 3221 1360 3274 m.

270 3307 355 3360 Debr.
370 3305 397 3376 I,
414 3306 477 3374 98]
511 3303 629 3359 Uniomn
644 3303 828 3371 vocabulum,
849 3319 866 3356 a
883 3300 984 3358 Servio
1000 3302 1038 3358 ad
1052 3302 1132 3374 Virg.
1148 3302 1220 3356 Aen.
1237 3300 1279 3371 X,
1299 3305 1359 3359 188.

272 3394 416 3446 servatum
433 3390 494 3444 sine
510 3389 571 3444 libri
590 3388 756 3456 mentione,-
768 3385 845 3442 haud
860 3386 1022 3458 impeditam
1036 3386 1121 3443 habet
1135 3386 1359 3459 explicationem.

273 3473 397 3546 Lepidus
421 3476 496 3530 enim
511 3474 635 3545 undique
650 3473 778 3545 pressus,
795 3487 832 3528 cx
845 3488 902 3527 una
918 3479 996 3544 parte
1010 3471 1115 3543 Catulo,
1131 3489 1167 3527 ex
1181 3475 1268 3527 altera
1283 3473 1362 3527 Pom·

274 3560 338 3631 peio
355 3559 492 3627 instante,
515 3560 612 3615 Cosam
628 3574 659 3614 se
674 3558 790 3628 recepit,
809 3558 975 3614 maritimum
987 3558 1113 3614 Etruriae
1129 3557 1273 3629 oppidum,
1288 3555 1363 3611 unde

274 3645 368 3716 paullo
386 3648 452 3713 post
468 3643 496 3698 in
517 3643 677 3700 Sardiniam
700 3643 788 3714 lugit;
813 3641 847 3697 cs.
867 3642 949 3696 Rutil.
970 3643 1061 3698 ltiner.
1076 3644 1103 3712 l,
1122 3647 1175 3702 295
1196 3658 1257 3713 sqq.
1288 3639 1365 3697 Inter

275 3735 432 3786 castrorum
445 3729 556 3800 00515010
569 3742 659 3783 sermo
673 3725 1363 3800 5000180010οι100110050001511001010000.

277 3814 370 3870 Litore
390 3819 511 3884 namque
526 3812 612 3868 Oosae
627 3813 758 3884 co'pnatoe
778 3811 881 3884 depulit
893 3811 996 3881 doses,
1024 3812 1157 3868 Virtutem
1172 3812 1261 3868 Catali
1274 3811 1365 3867 Roma

258 3897 473 3956 0000101005.
512 3898 563 3952 lul.
580 3895 767 3968 Exsuperant.
784 3913 809 3951 c.
828 3897 875 3950 Vl.
905 3895 941 3952 Ire
962 3895 1096 3954 Etruriae
1114 3899 1208 3953 littore.
1223 3899 1366 3950 commasso

271 3983 382 4056 proelio
393 3987 524 4054 coeperat
534 3980 655 4054 Lepidm
664 3995 725 4038 esse
734 3983 865 4054 sapenar
872 3989 1072 4054 perornatam
1083 3982 1284 4046 0011101500,
1297 3994 1369 4053 qaae

277 4069 339 4124 odio
355 4081 451 4124 reram
467 4066 648 4123 Sullanarum
661 4081 692 4122 se
701 4066 800 4139 Lepidi
808 4066 937 4140 portatus
953 4068 1119 4142 applicaret.
1150 4066 1207 4122 Sed
1220 4064 1369 4138 Pompeia

278 4154 313 4209 da
325 4152 417 4208 Gallia
428 4152 539 4209 rediens
549 4181 592 4192 -
605 4149 741 4224 sapr'eatec
755 4153 814 4209 0100
824 4154 919 4226 copias
929 4167 965 4206 ao
974 4167 1005 4208 ee
1014 4153 1186 4224 intpltcaates
1195 4150 1369 4222 festinatione

278 4236 437 4310 somatdtrtts
452 4239 491 4294 aa
496 4239 659 4311 prostavit,
672 4242 707 4294 01·
713 4239 819 4294 maa‘ore
829 4251 944 4293 00Μο
950 4240 1078 4309 prtem
1088 4239 1118 4292 10
1129 4236 1290 4292 Sardiniam
1301 4250 1366 4290 cca-

279 4321 401 4396 saaeret.
416 4322 456 4379 Ile
469 4321 561 4380 Cosas
576 4323 632 4380 situ
646 4323 721 4378 edito
737 4328 875 4395 portuque
890 4328 1047 4396 opportuno
1063 4322 1098 4378 01.
1113 4313 1250 4378 Mannerti
1266 4321 1368 4397 Geogr.
