3096 4962
226 413 246 478 8
594 413 622 470 C.
645 409 818 469 stinusrt
843 406 957 468 cursat

228 605 313 698 picio
335 607 367 673 el
387 603 428 671 M.
450 599 604 672 Marcello
628 597 836 684 consulibus,
861 597 948 668 omni
970 595 1076 667 Gallia
1094 596 1142 666 cis
1166 594 1318 665 Rhenum

188 759 190 766 .
229 733 328 821 alque
350 727 434 796 inter
448 749 538 796 mare
558 730 707 796 nostrum
731 730 829 818 atque
847 723 1026 808 Oceanum,
1048 721 1192 813 nisique
1214 743 1234 787 a
1253 741 1318 811 pa·-

228 854 361 924 ludibus
388 851 478 921 invia
507 851 586 936 suit,
615 851 808 942 perdomita.
853 847 1014 944 Optumis
1037 851 1147 918 aulem
1169 843 1317 914 maribus

230 1106 317 1177 etius,
341 1104 444 1174 inquit,
466 1102 495 1155 in
505 1101 600 1172 primo
617 1101 756 1158 Historiae
773 1117 842 1157 suae
859 1103 929 1156 libro
950 1100 1056 1171 atque
1079 1100 1113 1154 in
1133 1098 1216 1169 ipso
1238 1097 1318 1152 eius

230 1189 382 1244 exordio
405 1188 521 1252 latetur,
548 1187 732 1256 etiamtunc,
757 1203 843 1258 quum
864 1186 902 1242 ad
924 1186 1057 1240 consules
1080 1183 1225 1254 aregibus
1240 1188 1319 1238 esset

229 1276 364 1329 translata
379 1271 549 1342 respublica,
569 1277 634 1342 post
648 1272 767 1343 parvum
783 1273 959 1326 intervallum
975 1271 1092 1325 iniurias
1108 1267 1276 1324 validiorum
1292 1273 1319 1322 at

230 1363 265 1415 ob
282 1375 331 1414 eas
349 1357 554 1413 discessionem
568 1356 658 1428 plebis
675 1373 691 1411 a
706 1357 831 1428 patribus
849 1359 976 1427 aliasque
993 1357 1021 1410 in
1038 1357 1105 1409 urbe
1122 1353 1318 1408 dissensiones

229 1445 327 1499 tuisse.
371 1441 443 1498 Nam
460 1457 545 1513 quum
566 1443 673 1513 optimas
688 1442 810 1499 moribus
823 1449 850 1498 et
871 1444 995 1498 mumma
1016 1439 1166 1496 concordia
1182 1439 1319 1511 populum

229 1528 385 1585 Romanum
400 1529 472 1583 inter
485 1527 637 1582 secundum
653 1535 679 1583 et
688 1526 859 1600 postremum
878 1527 976 1583 balbam
998 1525 1224 1598 carthaginiense
1244 1541 1319 1578 com-

228 1619 415 1669 memorasset
428 1614 523 1685 egisse,
540 1629 726 1685 caussamque
738 1612 822 1668 huius
832 1615 898 1669 boni
914 1629 970 1667 non
981 1627 1106 1666 amorem
1119 1610 1249 1677 iustitiae,
1267 1609 1319 1664 sed

228 1703 321 1754 stante
337 1696 506 1768 Carthagine
528 1703 632 1752 metum
655 1699 735 1768 pacis
755 1697 858 1754 infidae
876 1699 963 1754 luisse
981 1697 1113 1764 dixisset,
1129 1725 1173 1736 -
1186 1697 1318 1750 continuo

231 1782 349 1838 subiecit
364 1781 440 1842 idem
455 1780 605 1837 Sallustius
622 1783 659 1838 At
672 1782 837 1838 dr'scordiu“
853 1789 905 1838 ete.
929 1785 965 1838 ei.
982 1783 1067 1837 eund.
1086 1783 1122 1836 ib.
1138 1779 1190 1849 lil,
1209 1783 1259 1854 hl,
1280 1781 1317 1834 in.

230 1867 280 1922 His
296 1867 460 1922 testimoniis
472 1866 543 1920 inter
560 1883 590 1921 se
604 1869 712 1923 collatis
725 1885 781 1922 non
798 1875 841 1923 est
852 1868 976 1936 dubium,
994 1870 1059 1939 quin
1076 1866 1240 1923 Gerlachius
1255 1883 1319 1937 par-

230 1969 327 2022 peram
343 1952 488 2023 scripserit
502 1952 556 2006 nisi
575 1969 665 2024 quae
680 1971 698 2008 α
714 1954 866 2025 paludibus
885 1954 958 2026 fuit
969 1956 1067 2010 invia
1076 1975 1085 2015 ;
1106 1952 1226 2023 primum
1244 1953 1318 2006 enim

232 2053 333 2092 sensus
349 2036 468 2099 efficitur
489 2036 574 2092 valde
598 2039 810 2112 incommodus,
840 2056 925 2110 quum
940 2041 1088 2094 relativum
1103 2042 1186 2093 totam
1202 2037 1319 2092 Galliam

231 2124 442 2196 complectatur,
458 2123 539 2178 euius
554 2124 746 2179 tantummodo
755 2140 830 2198 pars
844 2125 960 2197 intelligi
976 2125 1077 2194 debet;
1096 2129 1152 2178 tum
1169 2123 1232 2194 ipsa
1251 2123 1319 2176 scri-

230 2213 330 2281 pturae
353 2207 504 2264 diversitas
527 2209 665 2279 ostendit,
688 2227 743 2283 quo
765 2209 930 2267 aSallustio
953 2212 1109 2282 proiectum
1129 2223 1203 2262 esse.
1247 2206 1319 2262 Nam

231 2292 308 2364 quod
319 2293 414 2365 plures
426 2294 509 2349 Nonii
524 2294 609 2350 codd.
623 2302 716 2351 tenent
729 2313 796 2368 qua
806 2298 868 2368 pal.
880 2296 935 2368 fuit
949 2302 996 2351 aut
1009 2313 1065 2368 pua
1074 2294 1131 2366 fait
1134 2293 1244 2366 palad,
1258 2293 1319 2364 qui·

231 2379 275 2432 vis
291 2378 437 2448 videtque
451 2395 507 2432 non
521 2395 556 2433 ex
570 2396 642 2452 quae
656 2399 689 2449 a,
713 2381 765 2436 sed
780 2396 818 2436 ea
831 2398 887 2451 qua
902 2398 919 2435 a
935 2385 1025 2436 ortum
1040 2396 1119 2447 esse,
1139 2395 1157 2432 a
1173 2380 1318 2450 praeposi-

232 2463 307 2516 tione
323 2463 370 2515 vel
381 2475 451 2514 casu
465 2464 606 2534 absorpta,
623 2466 668 2519 vel
684 2464 720 2519 de
733 2464 870 2520 industria
885 2467 920 2520 ab
935 2465 969 2520 iis
986 2465 1101 2530 omissa,
1125 2463 1171 2533 qui
1183 2465 1244 2518 eius
1260 2465 1317 2517 vim

233 2562 287 2600 non
304 2549 447 2616 caperent.
477 2543 541 2599 Alio
556 2547 641 2602 modo
655 2554 801 2620 peecatum
818 2555 862 2604 est
877 2566 893 2604 a
909 2549 1008 2604 scribis
1026 2548 1207 2602 in¹Victorini
1223 2547 1329 2615 codd.‚·

232 2631 280 2701 qui
296 2631 323 2684 in
339 2645 394 2702 qua
412 2628 548 2699 particula
567 2630 668 2688 offensi
684 2635 745 2688 eius
761 2635 824 2688 loco
841 2649 912 2705 quae
929 2638 1098 2704 posuerunt,
1121 2631 1263 2687 otacilius
1279 2634 1318 2686 ie·

232 2721 337 2770 rentes.
383 2711 565 2784 Significatur
588 2721 678 2769 autem
693 2717 747 2774 hae
770 2719 980 2790 praepositione
1000 2720 1091 2790 oripo,
1112 2717 1185 2773 unde
1203 2718 1321 2789 firmarit

232 2800 276 2869 id,
301 2798 377 2872 quod
392 2796 523 2852 ellectum
540 2796 649 2866 dicitur,
671 2803 807 2858 sententia
821 2806 946 2876 paullum
961 2803 1091 2872 diversa,
1107 2804 1131 2858 si
1149 2803 1226 2858 solus
1243 2804 1319 2858 abla-

234 2885 308 2940 tivus
326 2883 453 2957 ponitur,
477 2899 532 2954 quo
550 2883 707 2940 declaratur
723 2882 767 2957 id,
784 2904 840 2958 per
854 2891 928 2962 quod
941 2888 1047 2961 aliquid
1063 2889 1197 2959 allicitur3
1214 2889 1251 2944 el.
1270 2905 1318 2943 an-

234 2974 328 3026 notata
344 2968 381 3024 ad
392 2968 452 3040 lug·
469 2984 493 3022 o.
505 2967 607 3038 XXXI,
622 2973 648 3028 3.
661 2973 688 3025 et
698 2969 791 3024 Hand.
807 2969 843 3026 de
853 2975 970 3032 Partico.
983 2976 1054 3031 Latt.
1065 2977 1130 3030 Vol.
1143 2976 1165 3032 l.
1180 2986 1208 3046 p.
1222 2977 1267 3033 29.
1277 3001 1318 3012 -

233 3057 274 3111 De
287 3073 343 3129 qua
358 3054 496 3126 particula
513 3071 540 3109 u.
555 3053 591 3109 ad
606 3054 668 3128 lug.
686 3072 710 3110 e.
725 3054 832 3123 XVlll,
852 3060 880 3111 3.
893 3077 921 3127 p.
939 3065 999 3118 108.
1022 3062 1067 3116 Fr.
1084 3060 1129 3128 Ill,
1145 3065 1189 3118 55.
1211 3061 1256 3128 ill,
1272 3061 1317 3132 78,

234 3146 278 3202 15.
292 3173 333 3182 -
371 3140 446 3210 uait,
471 3141 547 3212 quod
569 3131 646 3212 apud
659 3141 835 3194 Victorinum
851 3146 914 3194 ante
929 3145 1017 3213 invia,
1040 3146 1068 3200 in
1087 3145 1209 3216 vulgatis
1225 3149 1318 3199 autem

234 3228 316 3284 Nonii
332 3227 539 3298 exemplaribus
563 3230 626 3280 ante
642 3223 793 3294 paludibus
811 3223 926 3293 legitur,
950 3230 1110 3284 auctoritate
1126 3228 1233 3284 codicis
1249 3230 1318 3284 anti·

234 3313 362 3384 quissimi
377 3311 414 3365 A.
432 3316 497 3380 post
517 3311 591 3364 inuia
605 3307 820 3374 collocavimus,
846 3323 928 3377 quem
944 3306 1072 3363 ordinem
1087 3314 1170 3368 etiam
1185 3313 1270 3369 codd.
1288 3331 1315 3371 a.

234 3391 260 3452 d.
276 3395 455 3460 confirmant,
479 3393 544 3447 licet
556 3391 650 3463 ofuen't
666 3390 825 3446 exhibeant.
870 3391 1010 3464 Receptus
1026 3399 1116 3449 autem
1136 3415 1154 3452 a
1168 3399 1315 3455 Gerlachio

234 3483 385 3536 verborum
406 3477 477 3532 ordo
496 3493 551 3533 non
575 3479 665 3532 solum
687 3476 791 3532 idonea
806 3476 934 3532 codicum
952 3477 1008 3533 lide
1024 3479 1170 3536 destitutus
1186 3490 1243 3554 est,
1265 3485 1319 3540 sed

235 3566 318 3620 etiam
343 3579 490 3618 numerum
512 3577 601 3633 aeque
624 3579 657 3618 aa
680 3577 780 3618 sonum
800 3563 939 3635 ingratum
960 3563 1053 3621 habet.
1070 3594 1108 3605 -
1132 3563 1317 3641 Respublica,

235 3649 312 3723 quod
326 3648 488 3703 Victorinus
510 3652 601 3718 tenet,
622 3652 774 3720 praeeunte
790 3647 911 3704 Linkero
927 3649 963 3705 de
979 3647 1046 3707 Sall.
1061 3650 1131 3707 llist.
1147 3651 1276 3706 Prooem.
1288 3671 1317 3723 p.

232 3741 287 3806 40„
308 3733 452 3789 edidimus
467 3749 519 3805 pro
527 3735 651 3808 populus
665 3733 817 3805 Romanus,
832 3723 1067 3807 quemadmodum
1083 3753 1181 3793 omnes
1196 3736 1319 3792 editores

159 3884 161 3888 ,
234 3837 270 3876 ex
282 3819 441 3893 Augustino
456 3819 491 3887 li,
509 3823 551 3878 13.
567 3820 647 3889 (nam
662 3820 708 3893 ΙΙΙ,
718 3826 766 3882 121.
781 3819 866 3876 habet
878 3818 1032 3891 Romanos)
1047 3823 1230 3894 scripserunt.
1253 3820 1320 3876 Cor·

234 3907 343 3980 ruptela
359 3910 419 3960 orta
436 3921 471 3960 ex
492 3905 617 3961 contusis
634 3905 775 3962 scribendi
790 3905 966 3978 compendiis
986 3905 1018 3961 R.
1034 3909 1066 3962 P.
1081 3913 1109 3962 et
1122 3908 1153 3961 P.
1169 3906 1203 3961 R.
1210 3945 1220 3980 ‚
1243 3906 1319 3978 quod

235 3993 349 4065 saepius
373 3993 476 4048 iactum
499 4007 563 4047 esse
584 3991 757 4047 ostendimus
782 3991 819 4046 ad
833 3991 893 4063 lug.
907 3988 999 4060 XXX,
1022 3997 1047 4050 3.
1062 4010 1090 4064 p.
1108 3994 1168 4050 171.
1186 4021 1227 4032 -
1249 3990 1320 4047 Res

234 4077 363 4134 Romana
380 4079 398 4132 i.
413 4084 440 4148 q.
456 4078 565 4139 civitam
586 4093 615 4132 v.
635 4076 672 4132 ad
686 4075 765 4132 Catil.
779 4075 827 4142 Vl,
847 4080 873 4134 3.
887 4093 915 4148 p.
930 4082 975 4137 33.
989 4106 1032 4118 -
1054 4077 1167 4134 Servius
1182 4075 1320 4149 Sulpiciam

234 4169 261 4222 et
274 4161 316 4218 M.
333 4161 486 4218 Marcellus
500 4163 632 4218 eonsules
651 4163 762 4217 luerunt
780 4177 853 4216 anno
868 4177 894 4216 a.
910 4161 974 4220 Chr.
990 4179 1019 4218 n.
1034 4167 1092 4233 51„
1113 4179 1197 4234 quum
1214 4160 1319 4218 Caesar

231 4249 311 4310 bello
330 4249 386 4303 iam
407 4251 436 4304 in
453 4252 584 4304 octavum
600 4239 703 4302 annum
720 4251 807 4301 tracto
823 4251 908 4303 totam
923 4248 981 4302 iere
996 4246 1113 4304 Galliam
1128 4247 1318 4303 Romanorum

228 4335 357 4419 imperio
374 4333 501 4390 subiecit.
515 4365 553 4374 -·
574 4332 658 4390 Mure
672 4336 796 4390 nostrum
811 4332 829 4389 i.
845 4349 872 4388 e.
886 4332 1138 4401 mediterraneum
1162 4348 1189 4386 v.
1207 4332 1244 4388 ad
1259 4333 1319 4406 lug.
