3102 4956
214 371 285 434 226.
578 371 610 427 C.
636 371 809 430 SALLUSTI
831 369 945 428 cittsrr

317 565 368 630 411.
409 556 514 651 Igitur
532 556 695 630 introrsus
711 560 815 651 prima
835 557 937 628 Asiae
955 556 1110 650 Bithynia
1127 558 1199 642 est,
1215 556 1305 626 mui-

219 787 379 857 analogiam
401 803 504 842 vocum
524 785 743 858 paterfamilias,
769 785 982 858 materfamilias
1009 795 1191 860 usurpatum,
1218 786 1306 842 idem-

217 889 272 944 que
296 870 380 926 tradit
401 868 518 928 Servius
542 869 578 926 ad
599 870 679 942 Virg.
701 871 775 924 Aen.
797 869 851 938 XI,
873 873 951 940 801,
984 874 1045 944 qui,
1072 873 1169 931 verbis
1192 873 1305 930 casulla

217 957 354 1012 custodias
377 955 571 1012 thesaurorum
602 955 707 1023 allatis,
737 955 879 1026 Asperum
905 959 966 1012 eius
994 957 1190 1028 explicationis
1219 959 1305 1013 refert

217 1048 369 1098 auctorem.
411 1040 489 1108 Quae
507 1041 532 1096 si
546 1057 617 1096 vera
634 1044 727 1108 esset,
751 1038 901 1098 Sallustius
921 1041 1074 1098 admodum
1091 1043 1161 1098 dure
1179 1048 1206 1098 et
1226 1043 1300 1098 inso-

216 1128 305 1182 lenter
334 1127 474 1181 artissime
499 1126 691 1182 coniunxisset
715 1125 827 1178 castella
855 1127 1007 1196 mamutius,
1036 1129 1117 1198 quasi
1149 1129 1302 1184 vernacula

217 1212 297 1268 dicas
319 1211 636 1283 chachunqscastetle,
659 1207 885 1280 Schutzcastcite,
907 1209 1007 1282 quibus
1029 1214 1124 1270 verbis
1141 1213 1211 1268 nihii
1232 1228 1301 1268 sane

217 1300 323 1365 obstat,
350 1297 500 1368 quominus
524 1298 593 1351 alter
610 1296 753 1368 genitivus
774 1295 876 1354 obiecti
893 1297 1024 1360 addatur.
1059 1296 1117 1354 Sed
1134 1315 1169 1352 ne
1187 1297 1228 1354 sie
1243 1298 1303 1369 qui-

217 1383 282 1438 dem
295 1382 389 1457 omnia
403 1383 490 1452 plana
505 1387 577 1438 sunt.
608 1381 681 1436 Nam
699 1396 783 1451 quum
799 1379 916 1438 Servius
932 1384 950 1436 1.
969 1383 989 1436 1.
1009 1381 1110 1450 addat,
1129 1399 1186 1438 non
1203 1399 1302 1438 omnes

215 1467 319 1537 Aspcri
339 1468 505 1524 sententiam
519 1468 655 1538 probare,
679 1465 731 1520 scd
751 1481 833 1534 esse,
853 1467 900 1536 qui
916 1467 1054 1527 custodias
1068 1484 1120 1538 pro
1137 1468 1301 1526 accusativo

216 1552 351 1622 habeant,
372 1553 400 1605 in
417 1559 549 1624 promptu
564 1558 607 1608 est
625 1550 700 1605 istud
719 1550 780 1604 fieri
801 1567 856 1606 non
876 1553 1021 1622 potuisse,
1045 1553 1100 1608 nisi
1115 1553 1302 1626 liquidum‘ac

215 1654 332 1708 prorsus
353 1641 458 1692 certum
481 1637 596 1703 luisset,
621 1636 733 1690 castella
748 1651 860 1706 quoque
881 1638 1072 1694 accusativum
1091 1653 1166 1696 esse.
1197 1637 1255 1694 Sed
1277 1637 1301 1692 si

216 1722 329 1776 castella
352 1728 380 1775 et
399 1722 536 1778 austadius
558 1721 714 1778 accusativi
737 1726 816 1790 sunt,
845 1723 1056 1794 acceperam,
1087 1722 1165 1793 quod
1181 1721 1302 1781 Charisii

218 1805 303 1863 codd.
324 1823 479 1877 omnesque
496 1805 564 1863 Sall.
583 1805 650 1862 cdd.
672 1812 779 1874 tenent,
802 1807 963 1864 necessario
981 1809 1081 1864 laisum
1098 1813 1155 1878 est,
1177 1809 1301 1864 scriben-

219 1893 341 1962 dumque
361 1893 534 1964 aem‘perent‚
557 1891 586 1946 in
608 1889 685 1962 quod
706 1892 790 1945 etiam
805 1891 969 1949 Gerlachius
985 1893 1051 1948 Vol.
1062 1893 1109 1948 111.
1130 1896 1239 1964 p.104.
1262 1893 1303 1948 in·

219 1976 302 2046 cidit,
324 1992 493 2047 quamquam
515 1977 585 2032 ratio
609 1977 670 2032 eius
692 1976 730 2044 (si
752 1991 786 2030 ea
802 1976 887 2032 moda
903 1979 974 2032 ratio
990 1984 1047 2046 est,
1071 1980 1174 2050 quippe
1189 1994 1246 2033 non
1267 1994 1303 2032 ex

218 2061 273 2118 hoc
295 2061 357 2133 ipso
380 2063 443 2117 loco
466 2061 563 2126 ducta,
587 2061 639 2119 sed
662 2077 698 2118 cx
717 2077 835 2132 prorsus
856 2064 949 2118 alieno
970 2063 1027 2130 (Fr.
1043 2064 1091 2132 IV,
1106 2065 1147 2132 5.)
1171 2063 1302 2134 repetita)

220 2153 347 2204 anostra
362 2152 419 2202 toto
437 2149 515 2202 coelo
536 2146 688 2218 discrepat.
722 2147 764 2202 Ne
780 2148 881 2215 multa,
907 2164 981 2205 vana
996 2154 1039 2204 est
1056 2149 1302 2220 grammaticorum

219 2232 254 2287 de
270 2233 394 2306 genitivo
409 2233 546 2288 custodras
561 2231 715 2298 sententia,
737 2249 830 2304 neque
846 2232 876 2288 id
891 2233 962 2304 sugit
976 2233 1211 2305 circumspectum
1231 2233 1303 2290 iudi·

219 2319 292 2374 cium
305 2317 390 2378 Conr.
405 2319 491 2389 Leop.
508 2317 675 2373 Schneideri
693 2317 721 2372 in
737 2317 859 2374 Gramm.
875 2319 921 2373 lat.
937 2318 971 2385 11,
988 2324 1012 2376 1.
1035 2336 1065 2390 p·
1080 2324 1125 2388 21.
1157 2317 1301 2376 Charisius

219 2404 293 2458 enim
308 2403 413 2475 pariter
429 2409 514 2474 atque
529 2402 647 2458 Servius
662 2402 803 2473 Asperum
819 2408 922 2460 temere
938 2403 1027 2458 secuti
1043 2410 1106 2460 sunt
1115 2420 1123 2473 ;
1145 2404 1239 2476 Asper
1255 2420 1302 2460 au·

220 2494 290 2555 tem,
313 2493 342 2542 ut
358 2486 522 2543 Sallustium
541 2489 635 2557 prisce
657 2488 816 2558 loquentem
842 2489 964 2555 iaceret,
985 2487 1100 2559 ingenio
1122 2491 1227 2546 abusus
1249 2494 1300 2555 est,

220 2589 277 2628 non
297 2572 404 2628 veritus
428 2572 564 2642 ineptias,
587 2570 716 2626 simodo
744 2572 843 2628 dectus
866 2573 1021 2628 videretur.
1058 2575 1197 2630 Perverse
1217 2573 1302 2645 igitur

219 2659 371 2714 verborum
394 2657 581 2727 explicatione
604 2663 632 2710 et
653 2657 792 2728 scriptura
813 2658 934 2726 omissa,
954 2658 1114 2729 Fragmenti
1134 2659 1205 2714 ratio
1228 2659 1300 2714 haec

220 2748 277 2810 est,
300 2746 330 2797 ut
344 2743 481 2798 custodias
496 2741 689 2796 thesaurorum
704 2743 844 2814 appositio
860 2743 895 2798 sit
910 2743 947 2798 ad
962 2744 1074 2798 castella
1091 2761 1206 2812 vocem;
1223 2743 1301 2798 haud

219 2828 388 2898 infrequenti
407 2828 481 2882 enim
504 2827 675 2899 metonymia
694 2828 817 2884 usuam
840 2827 941 2884 dicitur
961 2826 996 2882 de
1018 2829 1095 2898 loeo,
1126 2830 1172 2886 ubi
1195 2828 1300 2900 aliquid

218 2911 391 2984 custoditur,
414 2914 460 2968 vei
476 2919 649 2968 asservatur.
1119 2971 1122 2978 ,

302 2998 349 3066 Fr.
363 3001 408 3058 43.
435 2996 521 3066 [Cart.
537 3015 565 3070 p.
577 2999 656 3058 1007.
672 2997 746 3054 Gerl.
762 2998 808 3054 ed.
824 2999 891 3054 mai.
907 2998 969 3052 lnc..
978 3001 1038 3056 100.
1055 2996 1099 3052 ed.
1116 2999 1183 3054 min.
1199 2997 1301 3066 11143.

219 3099 248 3153 p·
263 3087 324 3152 218,
339 3090 364 3142 1.
380 3083 463 3140 Dehr.
482 3084 527 3152 111,
543 3079 616 3158 rua]
654 3085 744 3139 Locus
767 3088 858 3138 exstat
880 3082 956 3153 apud
972 3081 1055 3138 Serv.
1077 3073 1115 3138 aci
1132 3084 1210 3154 Virg.
1230 3083 1301 3140 Aen.

220 3169 255 3235 V,
272 3169 351 3236 373„
374 3170 420 3240 qui
440 3173 530 3226 verba
548 3171 630 3242 r'qtmr
652 3199 694 3208 -
708 3167 840 3238 Bithynia
861 3172 902 3220 cst
926 3167 1008 3222 etiam
1023 3167 1061 3222 ad
1074 3169 1109 3236 V,
1124 3172 1185 3226 203.
1209 3166 1299 3224 alieri.
1346 3228 1349 3240 Ι

219 3254 368 3310 Praeterea
389 3260 474 3310 totum
497 3253 571 3309 hunc
587 3252 711 3309 Saliustii
730 3253 823 3308 iocum
846 3251 960 3306 liberius
975 3267 1008 3306 ac
1029 3253 1170 3308 nonnullis
1187 3254 1300 3309 mutatis

220 3337 380 3410 additisque
399 3339 541 3410 expressit
555 3336 654 3393 isidor.
669 3335 743 3404 XIV,
757 3341 784 3404 3,
799 3339 844 3396 39.
863 3353 890 3407 p.
904 3339 967 3396 439.
982 3336 1109 3395 Lindem.
1124 3369 1166 3379 -—-

303 3425 501 3496 Fragmentum
520 3422 575 3478 hoc
593 3437 657 3476 eum
673 3436 776 3476 novem
792 3423 973 3492 sequentibus
989 3424 1127 3493 pertinent
1143 3421 1179 3478 ad
1195 3422 1301 3478 deseri·

219 3507 343 3577 ptionem
358 3509 454 3576 Ponti,
477 3508 495 3561 1.
512 3522 538 3560 e.
559 3507 645 3560 maris
660 3506 766 3562 Pontici
785 3512 811 3560 ct
827 3506 1083 3562 circumiacentium
1098 3513 1235 3564 terrarum
1252 3524 1301 3578 po·

219 3594 423 3663 pulcrumque,
446 3607 530 3664 quam
554 3597 650 3648 auctor
673 3594 751 3664 operi
773 3608 824 3646 suo
848 3591 981 3660 inseruit„
1003 3592 1071 3648 Eam
1093 3592 1299 3664 digressionem

221 3679 290 3732 satis
305 3679 410 3732 claram
429 3677 517 3732 luisse
533 3675 609 3748 apud
624 3677 752 3748 antiquos
769 3683 884 3733 testatur
900 3676 974 3732 Fest.
990 3677 1117 3734 Avienus
1134 3677 1191 3733 Ora
1207 3678 1299 3734 merit.

220 3779 247 3816 v.
263 3766 298 3820 31
315 3777 377 3831 sqq.
393 3760 609 3832 ‚,lnterrogasti,
625 3763 649 3817 si
664 3768 757 3830 tenes,
781 3762 911 3818 Maeotici
926 3760 1012 3818 Sinus
1026 3763 1089 3832 quis
1104 3768 1180 3818 esset
1196 3777 1300 3832 aequo-

221 3848 271 3901 ris.
307 3843 469 3901 Sallustium
484 3846 587 3906 Noram
607 3847 637 3902 id
652 3847 783 3916 dedisse,
808 3847 882 3904 diota
897 3852 924 3902 et
938 3846 999 3902 eius
1013 3847 1142 3903 omnihus
1157 3846 1301 3902 Praeiudi-

221 3935 300 3984 catae
323 3931 495 3990 auctoritatis
523 3932 619 3989 ducier
639 3933 701 3988 Non
723 3935 891 3990 annuebam.
927 3926 974 3987 Aa
989 3931 1050 3988 eius
1072 3932 1156 4003 igitur
1177 3931 1301 3988 inclitam

220 4014 451 4086 Descriptionem,
473 4033 527 4088 qua
543 4019 668 4074 locorum
685 4019 832 4074 formulam
846 4016 1055 4088 Imaginemque
1072 4032 1225 4088 expressor
1243 4015 1302 4072 eiii-

221 4116 275 4156 cax
297 4101 352 4156 stili
367 4099 400 4156 Et
414 4103 539 4166 veritatis
555 4120 646 4174 paene
670 4103 698 4157 in
715 4104 826 4160 obtutus
848 4100 925 4156 dedit
940 4102 1048 4173 Lepore
1063 4102 1192 4174 linguae,
1216 4103 1302 4158 multa

221 4200 312 4242 rerum
330 4185 469 4243 iunximus
485 4188 526 4243 Ex
542 4189 724 4259 plurimorum
740 4192 851 4260 sumpta
865 4186 1102 4244 commentantes
1130 4187 1201 4244 ilinc
1219 4188 1302 4243 etiam

222 4270 394 4342 factumest,
416 4277 445 4328 ut
460 4275 635 4346 grammatici
657 4271 810 4342 interdum,
831 4270 878 4328 ubi
897 4271 975 4338 iocos
999 4285 1036 4326 ex
1053 4269 1108 4328 hac
1130 4272 1224 4344 operis
1241 4270 1301 4330 Sal·
1324 4287 1328 4294 ¹
