3102 4956
446 373 695 432 maronianum
715 373 949 432 FRAGMENTA.
994 373 1060 430 LIB.
1083 371 1128 426 lll.
1256 362 1320 430 257

236 529 516 654 menagnune..
543 583 733 652 pavenssc
759 583 879 632 ...m
907 510 1319 652 duqlli...tumas....

207 705 282 780 oga
310 741 318 756 .
346 741 355 756 .
387 685 476 756 Post
496 685 622 778 aliquot
654 688 725 757 dics
754 689 867 756 contra
895 707 1019 756 morem
1053 682 1174 756 fiducia
1203 677 1321 772 augeri

195 811 358 882 ronostris
377 810 485 902 coepit
504 814 537 880 et
558 810 665 902 promi
685 812 809 904 lingua.
837 811 910 896 Qua
923 809 1082 880 Vannius
1098 811 1214 878 contra
1239 825 1321 896 spe·

237 1053 416 1120 existimavit,
432 1067 518 1123 quum
532 1053 701 1111 vocabulum
714 1052 852 1106 sociorum
867 1052 985 1106 lacunae
998 1049 1119 1121 spatium
1130 1065 1186 1104 non
1199 1052 1320 1122 expleat,

237 1144 264 1192 et
280 1138 368 1194 verba
383 1139 546 1210 propmqua
570 1138 632 1193 loca
652 1138 722 1192 illud
737 1134 893 1204 excedant,
916 1151 1006 1206 neque
1027 1134 1170 1204 probabile
1189 1135 1225 1190 sit
1239 1135 1321 1190 Vari·

238 1222 314 1278 nium
339 1223 463 1294 integras
487 1223 628 1279 sociorum
650 1223 724 1290 alas,
746 1222 770 1277 si
793 1219 906 1292 quidem
928 1219 1024 1276 habuit
1038 1220 1066 1275 in
1082 1219 1207 1275 exercitu
1221 1225 1320 1294 raptim

238 1308 414 1377 conscriplm
442 1308 617 1378 exploratum
639 1306 764 1362 misisse.
799 1303 951 1362 KREYSS.
980 1334 1021 1342 —
1052 1304 1119 1359 Post
1139 1305 1323 1377 repararent

238 1391 307 1462 quid
323 1390 470 1460 exciderit,
486 1393 638 1448 etiamnum
651 1391 720 1446 nihil
739 1391 850 1462 reperio
866 1389 977 1458 melius,
990 1404 1073 1460 quam
1088 1387 1164 1458 quod
1180 1389 1321 1448 olimcon-

238 1475 292 1532 ieci
311 1475 455 1548 fuqitr'uos,
479 1477 649 1549 Kreyssigio
673 1484 861 1548 quoquenon
882 1475 1084 1548 improbatum,
1106 1473 1160 1530 nisi
1183 1474 1321 1534 dubitaret

147 1600 149 1604 .
238 1563 323 1618 latine
339 1559 395 1616 dici
410 1577 497 1632 posse
512 1561 602 1618 horus
616 1563 779 1633 euplorare.
807 1559 866 1616 Sed
884 1575 967 1631 quum
984 1559 1136 1629 euplorare
1154 1560 1320 1630 saepissime

239 1647 368 1702 absolute
389 1647 511 1716 positum
530 1646 669 1718 significet
691 1661 788 1702 rerum
807 1651 894 1702 emtas
914 1652 941 1699 et
959 1644 1125 1700 condicionis
1144 1646 1321 1716 coquits'oaem

236 1736 346 1802 petere,
370 1731 608 1802 quemadmodum
632 1732 742 1788 obiecto
765 1731 862 1789 addito
879 1729 1029 1788 Sallustius
1045 1727 1115 1783 dixit
1130 1727 1191 1801 lug.
1205 1729 1319 1799 XXXV,

239 1823 264 1876 5.
283 1813 436 1873 itinera
455 1819 784 1889 eqrerauequeer‘ur‚
802 1820 944 1888 putremo
968 1816 1047 1873 locu
1062 1817 1144 1884 atque
1158 1819 1320 1885 tempora
1390 1849 1396 1871 .

238 1905 338 1956 cancta
354 1902 493 1972 caperat,
510 1903 557 1957 vel
573 1899 671 1958 Cicero
687 1919 717 1974 p.
733 1903 751 1957 l.
770 1902 845 1959 illan.
862 1907 906 1969 lu,
920 1903 967 1960 34.
996 1898 1144 1970 Pompam
1157 1897 1320 1970 Africam

238 1986 464 2055 ematuruerit,
486 1987 527 2042 sic
550 1987 635 2043 ettam
655 1987 1054 2060 fuqttlaoseoeplorare
1074 1983 1128 2038 dici
1143 1984 1243 2056 potuit,
1258 1986 1276 2040 i.
1294 2003 1319 2041 e.

239 2071 398 2140 explorare,
414 2071 461 2128 ubi
478 2072 589 2142 fugitivi
605 2078 704 2128 essent
717 2078 764 2128 aut
780 2087 834 2142 quo
851 2071 995 2126 abiissent.

323 2159 348 2220 S.
363 2159 391 2212 8.
401 2170 529 2227 propere
542 2158 653 2228 vestm
667 2149 788 2230 seara)
818 2155 897 2223 Quae
912 2161 1076 2226 sequuntur,
1093 2157 1201 2212 lacunis
1218 2157 1319 2227 quovis

237 2255 324 2296 versu
339 2239 525 2310 auctioribus,
541 2241 580 2296 ita
593 2247 756 2311 comparata
770 2246 847 2309 sunt,
873 2247 901 2295 ut
915 2241 990 2306 nullo
1006 2245 1102 2310 pacto,
1118 2257 1190 2311 quae
1208 2241 1321 2297 excide·

238 2329 316 2390 runt,
339 2325 465 2395 suppleri
484 2325 604 2396 possint.
637 2325 733 2381 Verba
754 2325 819 2384 cod.
840 2325 906 2380 Vat.
928 2323 1196 2382 PROPEREUESTI
1209 2365 1318 2382 .......

237 2407 421 2480 Kreyssigius
438 2410 563 2482 explevit
571 2417 698 2482 propere
712 2412 843 2482 remiqr'a
859 2415 1018 2471 secutor,-
1037 2437 1071 2450 -
1090 2410 1181 2466 lllaius
1194 2425 1320 2482 propere

238 2495 443 2565 vesthareat
459 2495 647 2568 faqitiuos.
667 2525 710 2536 -
732 2495 797 2551 Tota
822 2501 911 2552 tamen
927 2496 1035 2567 aquiiae
1048 2495 1233 2568 Kreyssigius
1249 2497 1320 2552 ararit

238 2595 273 2632 ex
294 2577 358 2634 cod.
383 2580 448 2634 Vat.
469 2581 598 2653 vestigiis
624 2578 910 2636 ..Turannius
923 2595 997 2647 ....;
1018 2579 1188 2636 Niebulrrius
1212 2582 1320 2654 legerat

272 2701 295 2718 ..
314 2663 515 2722 OLAllllENAG
584 2705 591 2722 .
600 2681 608 2733 ;
625 2664 775 2721 Bimardus
861 2663 1069 2722 OTAMENAG·
1081 2705 1104 2720 ..
1114 2703 1139 2721 ..
1154 2665 1319 2722 Gerlachius

237 2747 302 2802 Vol.
318 2749 407 2819 iii-p.
422 2754 485 2811 391.
501 2751 695 2813 οοηίοοίῌοσο
709 2750 866 2806 consedisse
879 2750 993 2806 ucaatu.
1011 2749 1168 2806 -Cetera
1183 2751 1211 2808 in
1225 2753 1319 2810 tabula

238 2830 303 2886 eod.
324 2833 388 2888 Val.
410 2834 616 2908 lithographica
636 2835 827 2906 inspiciantur.
860 2834 941 2903 Quod
963 2833 1001 2888 ad
1024 2835 1189 2891 sententiam
1213 2838 1318 2904 attinet,

239 2931 310 2990 quae
331 2916 386 2971 hoc
408 2919 543 2976 lacunosa
567 2921 630 2976 loco
644 2921 855 2987 continebatur,
879 2919 1010 2991 quoniam
1031 2924 1058 2984 S.
1074 2925 1100 2980 9.
1116 2926 1142 2976 et
1160 2937 1221 2992 sqq.
1240 2922 1320 2976 Vari-

239 3000 315 3055 nium
337 3002 461 3072 fugitivis
481 3021 579 3062 rursus
600 3008 750 3067 instantem
771 3003 918 3071 videmus,
943 3010 1060 3074 apparet
1079 3003 1241 3062 Sallustium
1258 3022 1320 3060 nar·

239 3099 318 3140 rasse
334 3087 494 3158 Vatinium,
510 3091 539 3144 in
554 3105 659 3162 magno
672 3089 765 3146 adhuc
784 3091 882 3146 timore
896 3095 1067 3154 versantem,
1083 3105 1168 3160 quum
1177 3073 1336 3160 'fugitivos'

239 3171 312 3226 clam
328 3171 432 3228 abiisse
444 3177 635 3248 cognovisset,
647 3192 697 3232 eos
708 3181 801 3232 tamen
816 3175 971 3230 insecutum
983 3190 1058 3242 csse,
1071 3189 1214 3231 aurursus
1227 3180 1320 3230 castra

239 3258 504 3328 contraposuissc.
1050 3280 1053 3285 ¹
1083 3284 1089 3294 ,

192 3419 194 3422 Ι
323 3347 391 3408 §.a
420 3341 488 3398 Post
509 3345 612 3418 aliquot
630 3346 702 3414 dies)
725 3343 794 3402 Cod
813 3347 876 3402 Vat.
951 3345 1062 3418 aliquod
1075 3345 1149 3411 diet,
1166 3341 1318 3416 quodiam

238 3423 334 3482 llousa
349 3427 520 3484 emendavit.
550 3429 704 3486 Librarium
720 3431 819 3488 eadem
839 3431 996 3498 oscitantia,
1013 3434 1104 3501 quas.
1118 3433 1143 3487 7.
1155 3427 1319 3498 adscripsit

92 3502 96 3515 '
238 3524 290 3578 pro
307 3516 352 3578 ut,
373 3509 419 3586 hic
435 3513 546 3584 aliquod
560 3529 698 3572 exarasse
709 3532 761 3587 pro
776 3517 880 3588 aliquot
892 3518 919 3572 in
934 3523 1064 3587 promptu
1079 3521 1131 3572 est.
1147 3543 1189 3554 -ψ
1201 3515 1254 3570 Pro
1269 3529 1319 3567 au·

235 3595 299 3664 qeri
309 3597 410 3650 uostris
427 3595 576 3654 Bimardus
590 3598 693 3656 vitiose
708 3596 1120 3667 habctAUGERlNUSTR183
1138 3597 1212 3654 idem
1227 3597 1320 3654 statim

236 3686 303 3748 post
317 3677 363 3734 ET
377 3679 489 3736 PROlllll
506 3683 623 3752 LINGU‚
639 3685 705 3755 quia
719 3686 747 3740 in
762 3684 872 3742 cod..A
889 3688 981 3741 littera
992 3703 1059 3742 cum
1069 3685 1093 3742 U
1105 3685 1133 3740 in
1150 3699 1234 3739 unam
1249 3683 1320 3755 ligu-

238 3778 297 3818 ram
315 3765 483 3820 ooaluit.--
498 3765 634 3824 Promere
654 3770 774 3843 linquam
786 3771 995 3843 explicavimus
1009 3770 1125 3842 adiug.
1142 3767 1277 3835 anniv,
1294 3774 1319 3826 1.

321 3937 346 3998 §-
365 3939 407 3992 10.
439 3933 569 4006 incaute)
594 3936 663 3994 Cod.
684 3940 748 3995 Vat.
770 3939 964 4012 ΙΝΟΑΙΙΤΑΕ,
986 3957 1041 4011 quo
1069 3939 1153 3996 modo
1172 3939 1319 4000 ‘interdum

236 4023 368 4089 peccatur
392 4036 409 4074 a
429 4020 562 4080 librariis.
593 4022 844 4082 correxttziiousa.
864 4037 908 4086 —.—·'
935 4023 1157 4097 Inooqaitosqrm
1184 4041 1235 4095 pro
1263 4042 1318 4096 quo

237 4090 387 4161 Bimardus
407 4104 493 4164 habet
513 4105 755 4176 INCOGNITOQ„
780 4110 922 4182 significat
936 4112 984 4181 qui
1001 4110 1097 4182 quales
1117 4107 1319 4180 summersam,

236 4187 357 4244 madum
373 4193 551 4264 aequauerat,
575 4193 638 4250 siva
651 4194 772 4250 nondun
786 4195 929 4266 probatos.
942 4221 987 4236 -
1000 4193 1247 4265 Perculsosquam
1261 4195 1319 4251 vim

237 4267 340 4328 habeat
360 4275 464 4345 patebit
485 4284 521 4336 ex
539 4279 677 4336 annotatis
695 4277 732 4334 ad
748 4277 826 4338 Catii.
844 4297 870 4338 c.
888 4277 934 4350 vi,
951 4283 978 4336 t.
994 4294 1022 4351 p.
1038 4280 1082 4338 at.
1098 4306 1136 4318 -
1159 4277 1262 4334 Tamen
1276 4294 1317 4334 re·

279 4395 403 4435 saurusrr
425 4395 527 4438 runnu.
1073 4361 1112 4442 ll
