3062 4958
223 365 287 444 306
595 379 626 439 c.
648 381 822 440 surrusri
844 381 958 439 cursat

327 579 358 643 0.
399 570 561 641 Camisos.

329 703 379 767 10.
420 693 526 779 Quam
557 693 720 766 maxumis
748 690 919 762 itineribus
947 715 1008 784 per
1036 715 1176 786 regnum
1204 693 1309 763 hrio-

225 822 376 892 barzanis
403 819 571 890 contendit
597 819 639 889 ad
667 821 788 890 numen
818 815 1027 907 Euphraten,
1062 841 1128 912 qua
1153 819 1186 888 in
1215 826 1308 910 parte

225 946 434 1038 Cappadocia
453 947 494 1015 ab
513 944 670 1014 Armenia
689 942 898 1034 disiungitur.
920 941 962 1011 Et
981 965 1177 1036 quamquam
1202 967 1305 1014 naves

225 1072 407 1143 codicariae
436 1071 565 1142 occulto
591 1091 652 1160 per
674 1068 813 1138 hiemem
834 1067 1011 1139 fabricatae
1036 1069 1182 1140 aderant.

224 1313 295 1372 laiso
309 1312 407 1368 laudat
419 1329 456 1368 ex
470 1310 614 1384 Iugurtha,
632 1310 680 1366 ubi
695 1325 751 1364 non
766 1309 878 1380 legitur.
906 1309 1020 1380 Exque
1036 1309 1220 1366 Historiarum
1237 1310 1306 1366 libro

223 1401 267 1468 sit,
283 1411 453 1471 quamquam
469 1397 525 1453 diei
540 1412 599 1452 non
617 1401 725 1468 potest,
750 1402 843 1450 tamnu
857 1395 908 1452 vix
923 1395 995 1449 alius
1010 1395 1095 1450 homo
1113 1395 1223 1450 illorum
1239 1402 1307 1452 tem-

220 1501 322 1557 porum
337 1485 482 1557 reperitur,
497 1484 526 1538 in
541 1498 624 1554 quem
640 1481 728 1537 verba
742 1480 843 1536 melius
859 1478 986 1536 adluberi
1005 1480 1132 1552 possint,
1155 1497 1240 1552 quam
1254 1482 1306 1535 Lu·

223 1571 326 1626 cultus.
363 1568 413 1624 Cui
429 1583 514 1640 quum
530 1567 609 1623 multi
625 1573 682 1621 tum
697 1567 726 1620 in
741 1566 868 1620 exercitu
882 1571 940 1619 tum
955 1565 1061 1620 Romae
1077 1564 1305 1634 adversarentur,

222 1656 293 1710 inter
308 1654 363 1710 alia
378 1655 462 1711 etiam
476 1653 531 1708 hoc
548 1652 658 1707 crimini
675 1650 792 1720 dabant,
815 1651 902 1704 nimia
924 1665 988 1704 eum
1010 1651 1120 1722 imperii
1136 1651 1305 1723 prolatandi‚

222 1741 241 1794 i.
257 1755 283 1794 ε.
299 1737 495 1804 continuandi,
515 1736 649 1809 cupidine
664 1737 767 1806 teneri,
787 1736 946 1806 bellumque
964 1752 1000 1790 ex
1014 1736 1087 1792 bello
1109 1751 1215 1792 serere.
1257 1736 1306 1792 Vi·

222 1825 319 1896 guisse
334 1824 388 1879 has
404 1823 613 1879 criminationes
627 1823 748 1876 maxime
765 1827 837 1888 tum,
860 1837 944 1890 quum
967 1822 1099 1876 Lucullus
1113 1820 1274 1876 Mithridate
1290 1839 1306 1875 e

222 1907 311 1964 Ponto
327 1910 447 1980 expulso
461 1907 564 1963 bellum
579 1911 677 1962 contra
688 1906 839 1978 Tigranem
857 1906 1026 1962 inArmenia
1041 1906 1193 1975 moliretur,
1208 1914 1305 1978 aperte

222 1993 305 2048 tradit
320 1993 459 2048 Plutarch.
475 1994 503 2048 in
520 1994 626 2048 Lucull.
642 2008 667 2046 c.
681 1994 726 2048 nt.
769 1978 962 2058 Λούκουλλος
980 1981 1040 2066 ἤδη
1055 1979 1186 2064 οἰόμενος
1202 1983 1238 2046 τὰ
1252 1989 1307 2048 τοῦ

221 2070 365 2154 προτέρου
378 2071 508 2152 πολέμου
522 2071 614 2153 πέρας
629 2071 756 2150 ἔχειν-
770 2068 818 2130 eo
834 2060 886 2132 τδν
902 2065 1037 2152 δεύτερον
1053 2066 1154 2152 ἐχώρει
1167 2065 1304 2151 πόλεμον,

220 2151 298 2240 ὁρμῇ
311 2180 370 2218 τινι
387 2158 485 2218 δοκιδν
498 2151 659 2242 παραβόλῳ
675 2191 714 2222 ——.
725 2155 862 2236 ἐμβαλεῖν
876 2146 968 2216 αὑτὸν
982 2156 1022 2228 εἰς
1036 2154 1112 2235 ἔθνη
1127 2149 1239 2237 μάχιμα
1251 2192 1304 2236 —,

221 2236 292 2306 ὥστε
301 2235 370 2315 τοδς
379 2241 433 2321 μὲν
446 2237 632 2324 στρατιώτας,
643 2231 705 2303 οὐδ’
718 2236 813 2313 ἄλλως
823 2233 910 2313 ὄντας
919 2231 1086 2319 εὐτάκτους,
1104 2234 1230 2314 ἄκοντας
1240 2239 1305 2303 ἕπε-

158 2407 162 2411 ,
220 2334 295 2388 σθαι
307 2327 358 2388 καὶ
373 2331 618 2430 ζυγομαχοῦντας,
631 2325 663 2387 ἕν
677 2324 708 2387 δὲ
717 2320 812 2409 Ῥώμῃ
826 2327 978 2409 καταβοᾷν
989 2324 1041 2386 καὶ
1053 2321 1306 2408 διαμαρτύρεσθαι

220 2405 288 2484 τούς
314 2414 529 2493 δημαγαγοος,
555 2405 600 2484 ὧς
617 2405 777 2490 πόλεμον
801 2409 839 2470 ἐκ
863 2409 1028 2488 πολέμου
1052 2405 1184 2472 διώκει
1204 2407 1304 2474 Aod-

221 2500 378 2570 τιονλλος
393 2488 482 2557 οὐδὲν
495 2499 547 2575 τῆς
559 2491 670 2568 πόλεως
685 2493 834 2574 δεομένης,
852 2485 931 2555 ‹itt’
954 2489 1046 2578 ὑπὲρ
1068 2499 1133 2557 τοῦ
1153 2513 1304 2578 στρατη-

220 2579 496 2660 μιῖνμηδέποτε
511 2577 754 2642 καταθέσθαι
775 2572 940 2659 videta,
961 2579 1036 2660 μηδὲ
1049 2576 1225 2642 παύσασθαι
1238 2606 1304 2664 xpp

220 2660 408 2745 ματιζόμενος
420 2656 481 2726 det
497 2669 556 2726 τῶν
571 2669 681 2727 κοινῶν
696 2658 856 2726 κινδύνων.
897 2670 976 2740 Quae
992 2672 1202 2728 criminationes
1219 2690 1304 2744 quum

220 2757 248 2809 in
264 2756 372 2811 Luculli
386 2759 470 2813 rebus
485 2755 663 2827 exponendis
678 2756 792 2810 minime
807 2755 997 2828 negligendae
1014 2762 1118 2827 essent,
1141 2756 1303 2814 Sallustium

221 2857 332 2912 qnoque
349 2857 398 2896 eas
415 2842 553 2914 attigisse,
572 2842 685 2910 sedita,
701 2847 731 2897 ut
742 2842 803 2896 sinc
818 2842 938 2914 partium
952 2841 1046 2897 studio
1062 2859 1161 2898 verum
1176 2844 1302 2910 referret,

160 2935 164 2948 ¹
220 2941 311 2998 neque
328 2928 437 2986 virtutis
453 2927 560 2983 Luculli
575 2927 721 2983 immemor
739 2933 823 2996 esset,
842 2925 961 2982 dubitari
975 2927 1080 3000 nequit.
1121 2926 1214 2994 Quare
1229 2946 1304 2984 com·

219 3010 334 3068 modum
360 3011 529 3086 Fragmenta
554 3014 647 3069 locum
669 3014 835 3085 assignasse
852 3013 933 3068 nobis
958 3012 1108 3082 videmur,
1136 3029 1304 3086 quamquam

219 3098 402 3154 concedimus
423 3099 507 3154 etiam
522 3101 613 3171 quinto
629 3099 716 3166 libro,
738 3099 785 3154 ubi
801 3097 836 3152 de
853 3099 971 3171 imperio
987 3099 1102 3154 Lucullo
1124 3097 1303 3156 adversario-

219 3197 280 3238 rum
301 3182 553 3240 machinationibus
578 3186 714 3254 abrogato
736 3184 828 3254 agitur
850 3185 893 3253 (v.
907 3183 953 3239 Fr.
970 3183 1005 3255 V,
1022 3185 1095 3253 10.),
1118 3183 1191 3239 haee
1216 3186 1303 3240 verba

219 3269 275 3339 legi
290 3270 428 3339 potuisse.

302 3354 347 3407 Fr.
364 3357 392 3410 a.
407 3350 493 3421 [Cori.
510 3368 538 3422 p.
554 3356 632 3410 1004.
649 3351 724 3407 Gerl.
743 3351 789 3406 ed,
807 3353 872 3406 mai.
893 3353 951 3408 Ine.
968 3355 1014 3412 49.
1031 3351 1077 3409 ed.
1098 3353 1166 3408 min.
1182 3353 1240 3408 Ine.
1257 3357 1301 3412 18.

217 3454 247 3508 p·
265 3440 333 3504 rat,
356 3443 400 3494 15.
421 3436 506 3492 Debr.
525 3436 567 3505 V,
589 3438 647 3505 28]
670 3436 777 3491 Nomen
796 3437 850 3492 hoc
872 3439 993 3494 aProbo
1014 3439 1054 3510 Π,
1076 3443 1109 3507 1,
1128 3444 1173 3498 51.
1193 3456 1221 3510 p·
1240 3443 1302 3498 tao.

218 3520 346 3576 Lindem.
365 3523 408 3591 (p.
425 3523 504 3581 14⁷3.
521 3517 568 3594 P.)
584 3519 726 3575 laudatum
749 3537 805 3578 non
822 3521 967 3578 diversum
980 3521 1093 3578 videtur
1110 3525 1145 3579 ab
1159 3540 1210 3589 eo,
1226 3523 1303 3595 quod

219 3605 296 3676 apud
311 3604 477 3660 Strabonem
491 3604 556 3673 Xll,
571 3621 599 3676 p.
615 3608 678 3664 888.
695 3605 727 3661 Β.
747 3608 850 3662 Almel.
869 3595 905 3663 τδι
921 3596 1040 3682 Κάμισα
1056 3607 1168 3665 dicitur.
1198 3608 1302 3664 Castel-

219 3691 276 3744 lum
297 3690 348 3744 iuit
370 3689 399 3744 in
417 3689 553 3744 Armenia
571 3689 695 3760 minore,
712 3707 773 3764 qua,
788 3693 876 3748 Ponto
900 3693 1021 3748 confinis
1039 3700 1092 3749 est.
1130 3694 1222 3762 Quare
1239 3696 1301 3749 eius

217 3775 321 3830 inentio
338 3779 395 3828 tum
416 3774 490 3829 lacta
511 3791 577 3830 esse
599 3775 724 3844 videtur,
746 3793 831 3848 quum
852 3778 983 3834 Lucullus
1006 3795 1042 3834 ex
1064 3779 1118 3834 illis
1138 3780 1301 3852 regionibus

218 3875 268 3930 per
283 3855 494 3930 Cappadociam
509 3859 680 3931 Euphratem
694 3867 811 3934 peteret.

302 3946 348 4001 Fr.
365 3950 408 4003 10.
430 3943 518 4012 [Cart.
534 3961 562 4016 p.
578 3947 642 4004 990.
657 3945 733 4002 Gerl.
750 3948 797 4004 ed.
816 3949 884 4004 mai.
899 3949 953 4018 IV,
970 3953 1015 4008 00.
1033 3948 1079 4004 οδ.
1097 3950 1165 4006 min.
1187 3949 1300 4019 11Ι,54.

216 4045 245 4101 p.
260 4034 327 4100 nati,
340 4034 369 4088 4.
385 4031 469 4086 Debr.
485 4030 526 4100 V,
541 4027 582 4105 a]
597 4031 668 4086 Non.
685 4030 763 4102 Xlll‚
781 4039 825 4092 12.
841 4050 869 4105 p.
885 4039 1010 4104 535,15.
1027 4034 1115 4091 Mero.
1148 4036 1202 4092 Pro
1217 4037 1300 4090 Ario*

216 4115 349 4170 herzonis
365 4115 527 4172 Gerlachius
544 4132 580 4171 ex
596 4116 642 4171 ed.
659 4117 726 4173 Ald.
741 4125 770 4173 et
783 4119 855 4174 lunii
873 4121 987 4190 scripsit
1001 4119 1201 4190 Arr'obarzanr‘,
1223 4119 1301 4192 quod

217 4216 272 4254 non
295 4200 485 4257 damnandum
508 4203 593 4272 loret,
615 4202 639 4258 si
662 4201 793 4259 codicum
814 4206 978 4260 auctorltate
994 4205 1145 4275 niteretur,
1161 4207 1197 4261 ci.
1216 4204 1301 4261 Conr.

216 4285 302 4358 Leop.
319 4284 484 4342 Schneideri
502 4285 623 4350 [transm.
642 4289 689 4342 lat.
713 4289 754 4357 ll,
778 4296 803 4348 1.
819 4307 855 4362 p.
880 4295 931 4350 108
957 4305 1038 4362 aqq.;
1064 4289 1116 4346 sed
1139 4291 1200 4346 libri
1217 4307 1303 4346 manu
