3062 4958
443 355 692 414 HISTORIARUM
713 357 947 416 FRAGMENTA.
989 361 1054 417 LIB.
1074 361 1122 417 IV.
1158 411 1160 416 .
1254 355 1318 420 329

337 549 388 628 24.
429 542 560 614 Rursus
583 542 726 616 iumenta
753 545 838 616 nacti
860 547 902 618 ad
929 547 1086 641 oppidum
1105 549 1152 620 ire
1175 551 1316 619 conten-

235 669 325 738 dunt.

279 883 281 886 Ι
335 798 385 864 25.
426 781 669 866 Festinanlibus
692 795 723 868 in
746 819 874 870 summa
900 799 1010 892 inopia
1036 800 1194 892 patribus.

233 1041 275 1098 sio
292 1038 445 1113 indicatur,
467 1038 608 1112 signifieat
625 1040 744 1114 firmiter
764 1039 1013 1112 odlroeresoebont,
1030 1047 1062 1100 ut
1071 1056 1165 1116 poene
1185 1050 1314 1100 concreto

231 1127 398 1185 viderentur.
443 1125 604 1182 Vernacula
628 1113 712 1198 igitu'r
728 1126 901 1198 adolescere,
925 1128 1001 1201 quod
1023 1131 1110 1204 vulgo
1126 1133 1170 1188 ‚est
1188 1129 1312 1186 heran-

232 1211 369 1280 ινοοΙιεοοι,
386 1211 432 1267 Ιιίο
448 1213 523 1285 vaiet
536 1211 724 1268 onmoolsen.
751 1243 793 1254 —
823 1215 901 1284 Quae
917 1216 945 1270 in
961 1215 1089 1270 omnibus
1105 1215 1229 1272 Sallustii
1245 1215 1312 1274 edd.

232 1299 259 1353 in
273 1297 412 1370 principio
427 1297 511 1353 huius
526 1297 686 1370 Fragmenti
701 1299 830 1370 leguntur
844 1303 932 1356 verba
946 1301 980 1356 de
990 1315 1103 1372 pecore,
1124 1301 1200 1356 omni
1217 1308 1312 1357 aueto-

232 1385 311 1439 ritate
325 1382 519 1453 destituuntur,
535 1384 640 1455 quippe
652 1400 669 1439 a
681 1381 814 1440 Carrione
830 1391 935 1456 assuta,
951 1386 1007 1461 qui,
1020 1401 1104 1457 quum
1119 1385 1194 1459 apud
1205 1385 1313 1444 Charis

231 1469 251 1536 Ι,
268 1472 310 1539 14,
327 1475 355 1527 2.
370 1485 399 1540 p·
415 1473 458 1528 19.
478 1468 558 1524 Lind.
574 1471 616 1542 (p.
633 1473 677 1540 23.
694 1469 737 1537 P.)
752 1471 909 1529 invenisset
932 1472 1025 1542 „Pecu
1043 1476 1070 1525 et
1084 1487 1171 1542 pecus
1190 1473 1313 1543 peooriS,

233 1555 304 1610 sicut
326 1553 402 1626 apud
418 1551 581 1610 Sallustium
602 1556 637 1611 ele
650 1556 782 1627 pecore,“
802 1560 907 1613 temere
929 1555 1002 1613 haec
1023 1559 1111 1612 verba
1130 1557 1168 1612 ed
1188 1562 1311 1614 nostrum

231 1641 344 1712 Fragm.
358 1641 499 1711 pertinere
515 1641 645 1712 opinatus
668 1648 719 1697 est.
765 1639 849 1699 Cuius
871 1644 957 1698 reiut
979 1659 1013 1697 ne
1035 1643 1178 1699 minimum
1200 1641 1313 1714 quidem

231 1725 365 1782 indicium
380 1725 507 1797 habetur,
523 1727 561 1783 ita
576 1727 748 1800 perversitas
765 1744 849 1784 exeo
868 1731 968 1798 elucet,
981 1727 1056 1801 quod
1071 1728 1147 1799 apud
1156 1726 1312 1784 Charisium

232 1813 277 1868 illa
295 1814 382 1867 verba
407 1813 490 1883 plane
512 1829 568 1868 non
587 1818 711 1882 exstant,
733 1812 785 1868 sed
806 1832 822 1870 a
843 1815 973 1871 Fabricio
995 1831 1011 1869 e
1036 1805 1197 1870 coniectura
1219 1815 1313 1885 posita

231 1903 304 1970 sunt,
320 1897 367 1953 ubi
381 1898 537 1956 novissima
551 1899 736 1956 Lindemanni
751 1898 835 1956 editio
851 1917 887 1955 ex
901 1901 1046 1957 Niebuhrii
1062 1901 1209 1956 collatione
1231 1915 1312 1972 prae·

211 1985 275 2039 ‘bet
289 1983 511 2056 domltlpeeoris,
527 1983 674 2057 desumpta
689 2001 725 2040 ex
740 1985 801 2058 lug,
817 2004 843 2042 ο.
862 1986 971 2054 LXXV,
988 1990 1015 2045 4.

315 2069 361 2124 Fr.
377 2072 421 2127 24.
440 2067 527 2138 [Cort.
543 2088 572 2142 p.
587 2075 647 2131 991.
663 2069 737 2125 Gari.
754 2065 799 2127 ed.
814 2071 879 2127 mai.
897 2072 945 2140 tv,
956 2075 1000 2132 34.
1016 2071 1061 2128 ed.
1078 2071 1145 2126 min.
1160 2071 1208 2138 IV,
1224 2076 1268 2132 62.
1280 2088 1308 2142 p.

228 2159 290 2224 229,
307 2160 352 2214 21.
375 2153 459 2219 Deba.
474 2154 518 2225 111,
528 2157 587 2224 81]
624 2145 696 2211 Νοο.
711 2156 759 2225 IV,
771 2161 815 2216 68.
830 2173 859 2227 p.
874 2161 936 2225 268,
951 2160 995 2216 24.
1013 2157 1098 2213 More.
1125 2156 1165 2212 De
1184 2157 1310 2229 fugitivis

229 2239 301 2296 haee
318 2239 457 2310 capienda
471 2256 536 2296 esse
554 2241 674 2298 dubitari
691 2256 747 2296 nou
761 2246 862 2314 potest,
879 2242 931 2318 sed
946 2242 981 2298 de
1001 2241 1106 2324 oppido
1122 2242 1184 2314 ipso
1207 2256 1253 2299 res
1270 2242 1309 2296 iu·

229 2330 305 2381 oerta
321 2329 373 2380 est.
416 2325 549 2382 Fortasse
567 2326 664 2382 Thurii
681 2327 866 2400 intelligendi,
881 2329 928 2384 vol
945 2329 1150 2405 Metapontum,
1173 2328 1218 2382 vel
1233 2326 1310 2383 aliud

228 2412 368 2468 Luoaniae
384 2411 519 2484 oppidum
528 2428 536 2481 ;
558 2413 592 2469 et.
615 2412 687 2468 Flor.
703 2413 747 2482 ΙΙΙ,
758 2419 802 2484 20,
817 2418 846 2484 5.
891 2413 1009 2470 Thurios
1023 2419 1106 2487 atque
1121 2410 1311 2488 Metapontum

228 2496 343 2554 terribili
358 2501 451 2571 strape
472 2499 657 2572 populantur.
699 2499 869 2557 Debrossius
890 2499 927 2556 ad
956 2498 1082 2573 Capuam
1107 2499 1205 2568 refert,
1234 2499 1310 2571 quod

228 2589 323 2668 aperte
339 2583 441 2639 laisum
455 2589 514 2653 est,
536 2586 602 2656 quia
619 2586 728 2658 fugitivi
749 2603 804 2642 uon
823 2587 877 2642 nisi
893 2586 983 2658 primo
1005 2587 1070 2642 belli
1085 2590 1211 2657 tempore
1231 2581 1309 2640 Cam·

227 2669 341 2741 paniarn
355 2671 505 2739 vexabant,
521 2673 601 2727 tertio
616 2687 689 2728 anno
704 2671 732 2726 in
743 2673 867 2786 Lucania
884 2678 911 2728 et
926 2673 1097 2728 Bruttiorum
1113 2685 1181 2744 agro
1198 2687 1228 2731 se
1244 2688 1308 2728 con·
1376 2741 1384 2753 ἱ

228 2755 360 2810 tinebant

311 2839 357 2894 Fr.
365 2844 416 2898 25
437 2836 521 2914 [Cort.
538 2855 567 2910 p.
583 2843 643 2899 998.
667 2839 739 2896 Gari.
756 2840 801 2896 ed.
826 2843 891 2896 mai.
906 2841 962 2896 Ine
979 2847 1023 2901 12.
1040 2839 1103 2898 ed.
1101 2842 1167 2898 min
1180 2843 1204 2912 1,
1221 2845 1308 2914 73.p.
1393 2882 1397 2889 -

227 2929 287 2993 196,
304 2927 329 2982 5
346 2923 428 2981 Debr.
443 2925 467 2980 11
470 2921 565 2998 ,144.]
608 2923 708 2981 Donat.
724 2923 761 2980 ad
776 2925 838 2980 Ter
854 2927 924 2983 Eun.
942 2927 989 2996 IV,
1005 2931 1031 2994 3,
1049 2931 1077 2984 8.
1099 2927 1159 2984 sine
1181 2928 1275 3000 libri
1269 2944 1309 2983 ιο-

228 3009 311 3066 dioio.
343 3009 419 3065 Haee
440 3013 470 3065 ut
487 3009 545 3064 de
538 3011 655 3082 imperio
678 3008 779 3066 Crasso
796 3016 893 3076 eontra
908 3012 1042 3084 fugitivos
1055 2995 1275 3068 committendo
1269 3030 1309 3072 ru

226 3097 395 3194 telligamus,
410 3111 608 3167 permovemur
624 3113 657 3150 eo
660 3095 758 3167 ,quod
774 3100 882 3152 constat
897 3101 1024 3152 senatum
1037 3095 1203 3166 Romanum,
1220 3099 1308 3153 maxi-

226 3183 279 3237 mis
300 3180 427 3237 cladibus
449 3197 466 3235 a
485 3179 609 3238 Sertorio
633 3181 780 3253 acceptis
774 3198 802 3237 m
820 3199 929 3238 summa
946 3182 1085 3238 anxietate
1103 3183 1200 3251 luisse,
1217 3199 1308 3254 neque

226 3267 370 3335 habuisse,
386 3267 430 3322 eui
448 3263 634 3324 illudbellum
653 3266 851 3336 demandarem
873 3268 909 3321 ol.
925 3254 1046 3338 Appiam
1062 3267 1094 3324 Β.
1112 3267 1140 3324 C.
1156 3268 1176 3336 Ι,
1194 3269 1276 3336 118,
1270 3286 1307 3326 m.

228 3345 348 3428 Τριέτης
361 3369 392 3408 τε
404 3333 444 3450 ἦν
457 3341 517 3428 ἤδη
532 3361 587 3408 ιιόιι
573 3338 775 3451 φοβερὸς’
738 3352 838 3420 αυτοῖς
853 3337 869 3408 ὅ
885 3341 1017 3450 πόλεμος
1062 3340 1274 3449 Προτεθείσης
1279 3371 1308 3410 τε

226 3436 396 3536 στροιτχχοον
417 3425 515 3493 ἄλλων
536 3433 712 3512 χειροτονίας
726 3455 814 3506 οιινος
830 3425 977 3534 ἐπεῖχεν
958 3454 1104 3511 οιοιοιντοις,
1126 3431 1178 3494 καὶ
1191 3427 1307 3535 παρήγ-

226 3521 325 3596 γελλεν
340 3509 448 3590 ονόείς·
465 3516 548 3599 μέχρι
562 3519 698 3590 Λικίνιος
713 3511 905 3620 Κράσσος-
863 3509 1073 3593 -ἆνεδέξοιτο
1081 3513 1307 3665 έστροιτηχήσειν.

227 3607 389 3663 Plutarch.
382 3626 411 3663 ru
427 3606 523 3664 Crass
541 3626 565 3664 c.
582 3615 624 3676 10,
641 3609 678 3664 in.
709 3593 794 3664 Ταῦτ’
819 3593 954 3709 ἡβονλὴ
974 3601 1131 3704 πυθομένη
1146 3613 1202 3679 (se.
1217 3608 1308 3666 Cassii
1394 3647 1395 3650 =

226 3693 357 3748 cladem
351 3709 379 3748 m
398 3692 488 3750 Gallia
500 3693 656 3766 Cisalpina)
670 3679 738 3761 τοὺς
753 3685 807 3767 μὲν
822 3683 952 3762 ὑπάτους
965 3709 1037 3788 apoc
1052 3681 1146 3770 ὀργὴν
1160 3687 1310 3752 tatiana

226 3764 382 3853 ησιιχίοιν”
364 3794 456 3853 αχειν,
471 3767 611 3854 Κράσσον
626 3772 658 3836 δὲ
671 3796 724 3836 ron
710 3771 866 3853 πολέμου
881 3794 1043 3878 στρατηχον
1058 3773 1156 3836 salaro.
1177 3779 1308 3876 8100οό-

225 3869 313 3935 parat.
331 3864 392 3920 Nie.
410 3870 436 3918 et
451 3863 555 3932 Crassi,
577 3882 602 3920 e.
619 3870 645 3932 3,
662 3870 731 3920 extr.
778 3862 827 3940 Τῷ
848 3857 880 3920 δὲ
895 3855 1023 3944 Κρασσῳ
1042 3853 1124 3960 παρὰ
1142 3881 1240 3922 τιοιντοι
1255 3856 1309 3923 τόν

225 3967 331 4022 χρονον
349 3941 492 4028 ἐφιεμένῳ
497 3935 724 4045 aepaeiptog'
689 3967 743 4023 οοχ
755 3919 866 4026 ὑπῆρξε
880 3950 985 4025 τυχεῖν,
996 3936 1075 4024 πλὴν
1086 3939 1197 4007 ἔπιτον
1213 3947 1307 4008 δουλι-

226 4026 280 4090 κὸν
293 4023 420 4108 πόλεμον
436 4027 450 4090 ἒ
456 4020 532 4104 ξαν
541 4052 667 4110 οιχκης
687 4035 833 4090 Festluore
848 4037 932 4108 igitur
946 4053 1029 4107 quum
1046 4036 1136 4092 Donat
1126 4041 1171 4092 tus
1186 4038 1308 4134 explieat

220 4135 390 4193 properare,
408 4121 523 4189 artae,
546 4121 746 4192 trepidare&
717 4121 767 4188 (os.
782 4119 820 4176 ad
834 4121 878 4189 ΙΙΙ,
897 4121 971 4190 26η)
992 4137 1099 4178 samma
1117 4124 1244 4194 inopie
1265 4124 1306 4178 in

226 4205 379 4276 telligenda
402 4212 446 4261 est
464 4205 499 4261 de
516 4205 678 4261 dilfioultate
701 4204 796 4260 idonei
811 4205 891 4262 duois
910 4205 1085 4279 reperiendi,
1106 4209 1153 4278 qui
1169 4207 1305 4281 Spartaco

223 4305 275 4364 par
291 4299 375 4348 esset.
422 4291 592 4348 Debrossius
614 4293 736 4366 inopiam
750 4309 805 4347 nou
822 4294 905 4349 aliam
921 4311 985 4350 esse
999 4309 1085 4366 posse
1103 4299 1197 4362 ratus,
1220 4311 1303 4366 quam
