3098 4970
212 383 256 450 58
573 387 603 472 e.
629 385 802 445 snicusu
826 382 940 444 enisu

213 601 304 650 arma
322 575 489 648 conditam
505 599 526 647 a
539 574 719 646 maioribus
739 575 825 661 suis,
850 575 963 669 nilque
977 575 1050 646 iura
1065 576 1098 644 ci
1112 572 1232 644 iudicia
1249 573 1319 643 si-·

211 706 312 776 bimet
324 705 578 796 extorquerent,
603 702 744 797 egregia
757 701 882 774 scilicet
901 704 1068 789 mercede,
1090 721 1192 794 quum
1209 701 1302 772 rele-

213 832 282 925 gati
302 830 335 899 in
348 829 488 920 paludes
502 830 535 898 ct
553 829 656 900 silvas
672 828 902 901 contumeliam
916 830 1015 922 atquc
1028 827 1184 898 invidiam
1194 847 1299 912 suam,

212 957 357 1052 praemia
369 977 473 1047 penes
486 975 612 1046 paucos
625 955 856 1048 intellegerint.
891 954 1001 1040 Quare
1014 953 1118 1048 igitur
1129 955 1221 1024 tanto
1235 971 1346 1048 erg-ii

212 1084 298 1156 mine
318 1084 418 1176 atque
436 1081 553 1151 animis
576 1082 720 1153 incedit?
761 1082 846 1166 Quia
866 1081 1032 1152 secundae
1053 1102 1107 1149 res
1128 1079 1208 1150 mire
1224 1086 1302 1149 sunt

212 1209 300 1282 vitiis
315 1207 481 1297 obtentui5
502 1207 621 1301 quibus
636 1207 817 1293 labefactis
833 1229 932 1304 quam
946 1205 1142 1280 formidatus
1156 1207 1219 1293 est,
1233 1208 1301 1280 tam

206 1433 314 1489 panim
326 1415 521 1490 fiderepossii.
550 1445 592 1455 --
613 1416 730 1489 Aqminc
744 1435 802 1474 non
818 1424 862 1475 esi
876 1419 994 1489 mpetu,
1016 1419 1046 1470 ut
1060 1414 1195 1471 Wassius
1215 1417 1301 1474 inter-

211 1509 352 1574 pretatur,
372 1501 425 1558 sed
445 1503 739 1560 comitutu-satellitum
754 1509 781 1559 ct
800 1506 988 1571 asseclarum,
1004 1515 1139 1572 quaeres
1158 1501 1300 1558 invidiose

211 1591 329 1662 apennis
346 1586 486 1644 vocabulo
507 1592 636 1659 augetur.
663 1619 706 1630 -
728 1589 821 1645 riniani
837 1591 872 1646 de
892 1604 950 1642 uno
972 1586 1086 1640 homine
1104 1585 1208 1642 dicium
1224 1588 1303 1644 valet

209 1675 334 1747 smum,
354 1675 546 1744 cncqcnttem
563 1677 589 1727 et
602 1672 753 1744 ferociam
782 1676 819 1733 ci,
834 1676 948 1746 Fragm.
964 1669 1012 1739 Ill,
1036 1675 1081 1740 ei,
1098 1677 1140 1730 lu
1170 1672 1301 1729 londin

210 1761 357 1831 asperiore
378 1774 452 1813 anno
476 1759 620 1830 quantia
648 1761 776 1815 animis
808 1763 873 1817 terii
893 1761 922 1814 in
938 1755 974 1812 L.
995 1754 1162 1827 Quinctnim,
1189 1758 1299 1813 ιιῗσιζιιὲσ.

211 1845 273 1900 LIv.
289 1841 421 1910 XXXIII,
438 1847 486 1909 46,
499 1847 526 1900 4.
558 1839 694 1909 Quaestor
714 1848 769 1900 iam
781 1861 839 1918 pro
850 1845 957 1919 suerro
974 1857 1041 1897 mcc
1056 1842 1153 1914 opttus
1167 1844 1301 1900 animos

209 1929 383 2002 perchaim
405 1927 617 1984 Drakenborch.
639 1929 676 1984 ad
693 1930 732 2000 II,
747 1934 792 2000 Ἠ,
813 1937 857 1990 12.
877 1937 904 1986 ei
927 1926 964 1984 ad
979 1926 1034 1995 Vl,
1055 1929 1103 1995 ne,
1125 1931 1153 1986 8.
1192 1927 1300 1984 Eodem

212 2029 299 2070 sensu
313 2011 397 2068 eiiam
411 2015 525 2084 spirituo
537 2015 706 2071 vocabulum
719 2023 885 2090 usurpatum
902 2033 932 2072 v.
944 2009 1089 2069 lilaiihiam
1104 2012 1142 2067 ad
1158 2011 1217 2068 Cic.
1229 2019 1300 2072 orat.

210 2118 239 2173 p.
257 2101 314 2171 leg.
326 2099 403 2154 Man.
419 2115 443 2154 c.
459 2099 545 2168 XXII,
559 2102 604 2158 66.
628 2106 657 2156 ei
673 2102 794 2176 Herzog.
811 2102 848 2158 ad
864 2102 945 2159 Caes.
965 2099 998 2153 Β.
1015 2097 1048 2153 G.
1064 2099 1086 2165 l,
1108 2102 1159 2167 333
1176 2098 1212 2153 de
1226 2103 1301 2154 uiro·

212 2201 266 2257 qne
281 2183 339 2256 egit
353 2181 460 2256 Zumpt.
477 2171 600 2240 Gramin.
621 2187 680 2243 Lai.
695 2205 719 2243 c.
735 2193 784 2256 ῃ,
808 2189 861 2263 iii,
883 2195 907 2247 1.
924 2189 981 2241 not.
996 2199 1027 2256 p·
1040 2187 1086 2243 89.
1106 2183 1154 2238 ed.
1169 2184 1243 2238 VIII.
1258 2213 1301 2226 -·

210 2269 333 2340 Incedit,
352 2270 429 2341 quod
444 2274 471 2325 ei
485 2270 578 2343 ipsum
594 2271 683 2328 fastus
700 2275 842 2329 notionem
857 2274 950 2341 habet,
975 2269 1029 2326 lam
1045 2270 1247 2328 illustravimus
1263 2268 1301 2324 ad

211 2358 271 2428 Ing.
288 2373 312 2410 c.
331 2353 431 2425 XXXI,
450 2361 494 2414 10.
508 2383 552 2396 --
566 2355 661 2412 Verba
671 2359 810 2416 secundae
825 2373 872 2415 res
889 2361 958 2414 mire
978 2357 1123 2412 santwits
1137 2355 1302 2412 obtentui

212 2440 321 2496 (lortius
337 2442 411 2494 bene
425 2441 466 2494 sic
482 2441 694 2508 interpretatur:
713 2443 889 2512 „Secundae
905 2459 950 2498 res
970 2439 1134 2511 impediunt,
1150 2442 1300 2512 quominus

211 2524 280 2580 vitia
305 2523 450 2580 hominum
478 2523 568 2580 siaiIm
591 2527 814 2597 perspiciantur;
846 2544 918 2598 quae
944 2528 968 2582 sl
995 2526 1023 2580 in
1038 2523 1117 2581 Sulla
1133 2541 1151 2579 a
1166 2524 1299 2581 militibus

210 2611 459 2682 cognoscerentur,
477 2610 568 2666 statim
583 2611 702 2667 tortasse
718 2613 796 2668 illurn
813 2611 1006 2668 deserereni.‘⁴
1041 2609 1166 2666 Obtcnmi
1178 2621 1238 2666 csse
1252 2625 1300 2664 eo·

211 2695 276 2750 dem
292 2693 377 2750 modo
394 2693 504 2764 dicitur,
521 2699 551 2750 ut
564 2699 680 2752 oswntui
691 2709 765 2768 ease,
781 2697 817 2752 de
834 2713 888 2770 quo
903 2715 931 2754 v.
948 2695 985 2751 ad
999 2696 1061 2766 lug.
1079 2711 1103 2750 c.
1121 2693 1223 2764 XXIV,
1239 2701 1298 2763 1⁰·;

210 2797 275 2836 nem
291 2785 321 2836 ut
339 2778 395 2836 hoc
410 2781 486 2837 velet
509 2781 623 2838 alicuius
637 2785 682 2838 rei
694 2789 835 2856 aspectum
847 2780 1001 2856 praebere,
1024 2781 1061 2835 ita
1083 2779 1138 2835 hoc
1159 2779 1299 2852 significat

210 2867 331 2938 aliquam
346 2881 406 2922 rem
425 2871 515 2940 tepere
529 2869 555 2922 et
571 2869 652 2939 mecei
665 2873 790 2943 aspectui
805 2867 971 2927 occulere
976 2891 985 2930 ,ε
1008 2867 1045 2922 cl.
1061 2863 1213 2922 Botiicheri
1229 2867 1296 2923 Lex.

210 2951 299 3007 Tacit.
321 2969 350 3025 p.
362 2955 425 3012 aii.
461 2952 542 3008 Hunc
555 2953 647 3010 locum
658 2952 786 3012 Sallustii
801 2956 927 3013 laudavit
941 2951 1079 3034 Porphyr.
1093 2949 1130 3008 ad
1141 2952 1208 3007 Hor.
1223 2951 1296 3025 Epp.

176 3049 179 3062 ·
210 3039 237 3106 I,
254 3043 303 3108 18,
317 3041 382 3107 29.;
406 3038 528 3094 eundem
545 3037 656 3096 Seneca
678 3043 808 3098 tractavit
823 3041 1004 3098 Controvers.
1021 3039 1068 3106 IV,
1089 3039 1134 3096 m.
1157 3039 1246 3094 verba
1261 3055 1297 3094 cx

210 3122 378 3197 Thucydide
401 3141 539 3198 expressa
561 3125 675 3195 dicens,
703 3133 731 3182 ei
754 3128 870 3182 Graecis
891 3125 1035 3182 brevitate*
1051 3127 1205 3194 praestare.
1238 3121 1297 3180 Sed

209 3211 363 3268 memoriae
393 3212 475 3282 lapsu
502 3209 700 3283 Thucydidem
732 3211 887 3267 nominavit
915 3225 966 3280 pro
988 3207 1192 3276 Demosthene,
1221 3209 1297 3280 apud
1321 3237 1324 3244 ·

209 3311 293 3366 quem
308 3295 366 3368 illa,
383 3311 455 3365 quae
471 3311 535 3350 cum
550 3294 729 3350 Sallustianis
745 3293 929 3368 comparavit,
945 3295 1075 3367 leguntur
1093 3293 1122 3348 in
1135 3294 1249 3366 Olynih.
1263 3295 1296 3362 II,

208 3397 238 3451 p.
259 3383 305 3437 ie.
348 3373 394 3433 Αἰ
415 3365 474 3454 γὰρ
496 3362 651 3452 εὐπραξίαι
675 3372 773 3436 ’δειναὶ
800 3368 974 3457 συγκρύψαι
999 3372 1050 3436 καὶ
1077 3367 1238 3437 συσκιάσαι
1260 3367 1298 3436 τὰ

208 3460 331 3518 τοιαῦτα
352 3447 460 3536 ὀνείδη.
480 3491 523 3502 --
537 3461 694 3535 labefactis
709 3481 772 3520 cum
788 3465 936 3522 Gerlachio
953 3472 980 3520 ei
996 3465 1100 3522 Orellio
1116 3483 1151 3522 ex
1167 3466 1296 3522 omnibus

209 3545 295 3603 codd.
312 3547 442 3619 reposui;
461 3546 538 3620 apud
550 3545 671 3604 Coriium
688 3550 754 3605 etin
765 3551 906 3624 prioribus
917 3550 984 3607 edd.
1002 3553 1102 3625 legitur
1113 3550 1296 3623 labefactatis.

208 3659 251 3672 -
270 3632 311 3687 De
324 3633 354 3689 vi
369 3633 568 3703 panicularum
592 3649 676 3706 quam
691 3665 733 3674 -
754 3641 811 3692 iam
828 3657 856 3695 v.
880 3637 916 3692 ad
932 3638 992 3710 lug.
1017 3656 1041 3693 c.
1060 3635 1166 3706 xxxi,
1184 3642 1225 3697 14.
1253 3667 1296 3680 --

209 3719 276 3773 Posi
288 3717 456 3790 formidatus
471 3720 500 3774 in
517 3717 610 3775 multis
625 3719 691 3775 edd.
718 3724 803 3796 anitq.
824 3723 924 3795 legitur
941 3727 1039 3791 antea,
1061 3723 1137 3794 quod
1158 3739 1194 3778 ex
1216 3737 1296 3779 mera

209 3803 424 3876 interpolatione
438 3804 545 3860 illatum
560 3811 612 3860 esi.
628 3835 670 3844 ——
689 3806 933 3882 Quaesequuniur
948 3811 1037 3865 verba
1050 3809 1105 3863 nisi
1116 3807 1192 3881 forte
1204 3811 1296 3881 specie

208 3903 285 3945 conc.
302 3893 328 3944 ct
338 3903 407 3962 pcc.
425 3889 555 3957 alteram,
577 3889 629 3946 sed
646 3907 710 3948 cum
729 3895 821 3952 ironia
836 3897 973 3966 prolatam
994 3894 1211 3964 responsionem
1229 3911 1295 3949 con-

208 3975 297 4029 tinent
311 3974 349 4030 ad
372 3975 619 4047 interrogationem
634 3995 724 4052 querc
739 3985 813 4038 ianm
834 3981 942 4053 aqmtnc
960 3980 1155 4051 aquescens
1175 3979 1305 4035 incedit?x

210 4058 405 4131 Supplendum
421 4064 464 4116 esi
479 4059 563 4134 igitur
580 4069 654 4120 tanto
668 4067 777 4137 comm
794 4065 903 4121 incedit.
933 4091 970 4102 -
1000 4065 1054 4118 Pro
1074 4065 1167 4139 specie
1183 4066 1212 4120 in
1227 4079 1295 4119 non-

210 4144 293 4199 nullis
310 4143 374 4200 edd.
389 4147 492 4219 antiqq.
512 4153 540 4202 ei
555 4149 631 4221 apud
646 4150 803 4206 WeIssium
826 4152 920 4224 inepto
939 4164 1026 4205 sensu
1048 4154 1075 4203 ei
1096 4153 1193 4205 contra
1212 4149 1295 4207 codd.

118 4285 127 4298 ,
209 4231 310 4302 legitur
323 4243 389 4302 spa·
410 4230 488 4288 Sulla
505 4234 579 4290 enim
596 4251 652 4290 non
672 4249 791 4308 sperare
811 4235 926 4293 iubebat
944 4248 1044 4306 pacem
1059 4237 1087 4289 ei
1102 4235 1294 4306 concordiam,

209 4313 262 4378 sed
279 4331 311 4371 ee
331 4317 489 4375 restimlsse
510 4335 545 4378 ac
567 4319 751 4378 confirmasse
773 4321 956 4398 gloriabatur.
985 4349 1028 4362 -
1054 4319 1214 4379 Parricidic
1232 4323 1248 4378 i.
1270 4339 1296 4382 e.
