3098 4970
461 419 709 481 ulsroalllutnl
730 423 966 485 FRAGMENTA.
985 430 1051 487 LIB.
1074 431 1107 486 li.
1279 425 1341 493 128

253 569 257 658 s
356 603 386 666 λ
430 598 581 672 Sardinia
603 603 637 675 in
656 607 771 680 Africo
791 612 872 682 mari
896 615 980 684 lacie
1005 613 1127 708 vestigi
1151 615 1285 686 humani
1308 617 1341 688 in

253 717 413 792 orientem
436 746 535 818 quarn
560 727 593 797 in
613 731 815 805 occidentem
833 730 932 808 latior
950 740 1123 832 prominet.
1215 744 1220 796 -'

257 909 319 968 dori
332 911 425 968 locum
440 919 516 969 recta
528 912 894 998 sallustianisursgraenus
909 927 1067 997 intulerinl;
1081 948 1109 987 v.
1121 928 1196 986 Gari.
1210 928 1258 986 ed.
1273 931 1340 988 mai.
1364 931 1367 936 '

254 996 314 1055 inc.
328 1001 389 1056 221.
413 996 497 1056 Deir.
513 999 552 1068 11,
568 1007 612 1066 28·
628 1012 656 1062 at
670 1008 693 1064 li
702 1049 709 1076 ,
728 1013 773 1070 39.
802 1008 861 1066 Sed
877 1015 1009 1083 quoniam
1024 1013 1202 1074 Grammatici
1218 1015 1340 1073 testimo·

253 1081 301 1136 nio
317 1081 571 1153 aliquantumiucis
585 1089 738 1151 affunditur
753 1094 925 1154 indubitatae
947 1097 1014 1157 fidei
1029 1099 1135 1172 verbis,
1156 1115 1193 1156 ex
1207 1099 1339 1158 Sallustio

256 1183 273 1222 a
288 1163 376 1222 Gellio
392 1173 420 1224 et
433 1168 526 1224 Nonio
540 1166 643 1244 allatis,
660 1183 747 1234 torum
762 1181 854 1239 locum
868 1181 915 1240 hic
932 1175 1115 1256 apponemus.
1147 1185 1274 1242 Isidorus
1288 1186 1339 1258 igi·

254 1254 315 1304 tur:
337 1250 433 1322 Haec,
454 1249 561 1326 inquit,
581 1261 610 1316 in
627 1261 725 1334 Africo
745 1267 821 1322 mari
835 1266 912 1338 faeie
927 1271 1032 1342 aemipii
1042 1269 1171 1341 mamni,
1194 1273 1224 1326 in
1237 1271 1340 1330 aridate

253 1351 337 1408 paam
351 1335 379 1391 in
394 1338 534 1396 uendente
550 1343 632 1402 latior
646 1350 801 1418 prominet,
820 1350 911 1422 ferme
920 1355 1041 1426 panem
1056 1354 1203 1423 lateribus,
1224 1371 1296 1428 paee
1310 1357 1339 1412 ia

254 1420 394 1480 meridiem
409 1427 436 1478 et
453 1429 665 1496 septentrionem
682 1438 804 1503 remam,
824 1450 863 1492 aa
875 1454 929 1508 pao
941 1444 1006 1494 ante
1020 1441 1212 1496 amnmerciam
1226 1457 1245 1496 a
1259 1442 1338 1498 naai-

251 1506 378 1578 pantidas
394 1505 563 1568 Graecorum
573 1508 653 1589 ἴχνος
664 1520 813 1590 appellata.
837 1519 1014 1596 Terrapaiel
1024 1519 1052 1604 in
1062 1524 1226 1596 mameae
1238 1525 1337 1592 (scrib.

253 1591 463 1664 ionpiladmem)
476 1597 551 1652 milia
568 1599 656 1671 CXL,
673 1604 702 1658 in
714 1604 857 1662 latitudine
875 1609 981 1676 (scrib.
998 1609 1184 1678 latitadmem)
1206 1609 1271 1666 XL.
1301 1608 1338 1666 Ia

253 1690 287 1732 ea
300 1691 388 1748 nepae
403 1692 520 1752 serpens
532 1685 667 1757 aspiritar,
688 1703 776 1762 nepae
790 1691 886 1764 lapus,
899 1694 950 1750 aed
964 1694 1083 1768 solisapa
1101 1701 1220 1764 tantan,
1234 1696 1340 1752 ammiel

252 1761 382 1834 exipaam
402 1761 554 1822 hominibus
568 1773 766 1841 perniciosam.
809 1775 948 1838 Venenum
964 1795 1070 1852 qaopae
1085 1779 1123 1836 iri
1134 1797 1190 1836 non
1204 1781 1337 1850 naemmr,

251 1847 307 1904 nr'ri
319 1845 406 1902 lierda
417 1864 474 1919 par
489 1853 640 1926 ecnpmres
648 1859 787 1930 plurimae
801 1866 827 1916 et
834 1869 934 1934 poetar
948 1872 1108 1933 memorata,
1126 1867 1251 1938 apiastro
1265 1867 1338 1922 riam

251 1931 300 1998 lie,
318 1947 389 2004 qaae
403 1931 553 1993 nominum
567 1943 653 1998 rictas
669 1945 806 2002 contradit
821 1956 847 2002 et
861 1952 944 2020 pansi
956 1951 1076 2008 ridentes
1091 1953 1227 2008 interimit.
1259 1951 1336 2008 Fon·
1362 1967 1365 1974 ·

251 2019 291 2072 tes
304 2013 386 2073 mea
399 2019 502 2076 calidae
518 2020 665 2096 Sardinia,
679 2031 796 2100 infirmia
810 2033 943 2090 medelam
954 2035 1134 2107 praebentes,
1149 2035 1261 2108 faridae
1274 2051 1336 2094 eoe-

250 2101 372 2170 citatem,
396 2106 422 2160 ei
441 2118 616 2166 sacramento
630 2111 693 2168 data
713 2117 806 2172 ocalee
827 2120 906 2190 apra's
928 2122 986 2176 aias
1004 2121 1147 2192 tetipen'nt.
1179 2121 1220 2177 Ex
1240 2119 1286 2178 his
1308 2127 1337 2177 ut

251 2185 386 2244 incertum
404 2194 536 2261 estquae
553 2211 669 2252 revera
690 2197 814 2256 Sallustii
838 2202 907 2271 sint,
930 2205 969 2260 ita
984 2207 1118 2260 nonnulla
1133 2205 1242 2274 insunt,
1263 2222 1335 2277 quae

249 2270 437 2342 explicatione
456 2292 541 2347 egere
558 2279 718 2338 videantur.
732 2314 774 2324 —-
807 2284 955 2346 Sardiniae
972 2290 1088 2344 lamnam
1105 2290 1160 2345 iarn
1176 2291 1335 2362 antiquissi-

250 2356 303 2412 mis
315 2359 488 2430 temporibus
502 2365 613 2434 plantae
625 2366 765 2424 humanae
778 2372 900 2444 vestigio
913 2374 1001 2430 luisse
1013 2381 1205 2448 comparatam
1218 2393 1274 2432 non
1289 2394 1335 2434 so·

250 2441 307 2496 lum
323 2441 425 2501 Isidori
447 2449 542 2504 verbis
565 2449 737 2522 declaratur,
764 2454 816 2511 sed
836 2460 1016 2532 cognoscitur
1036 2459 1119 2531 etiam
1140 2477 1176 2516 ex
1191 2460 1333 2534 Hesychia

250 2524 328 2580 Tam.
345 2528 378 2584 ΙΙ.
396 2547 426 2602 p·
443 2534 520 2592 1149.
542 2534 587 2590 ad.
604 2537 713 2594 Aibert.
731 2533 981 2619 Σανδαλιότη,
1004 2531 1148 2622 ἡΣορδολ
1162 2535 1271 2618 πολλοι,
1286 2546 1331 2602 ubi

249 2627 279 2666 v.
294 2612 435 2686 interprr,
448 2621 475 2672 el
488 2619 629 2677 Pausania
643 2623 684 2695 X,
707 2628 754 2693 17,
770 2633 796 2686 l.
812 2645 841 2698 p.
857 2633 918 2688 664.
936 2629 981 2685 ed.
998 2631 1123 2688 Beiilrcr.
1140 2619 1292 2706 ‘illiricae
1306 2626 1337 2687 οἰ

249 2681 310 2752 κατ’
334 2690 476 2774 ἐμπορίαν
496 2695 659 2775 dormientia
685 2695 874 2784 Ἰχνοῦσαν
894 2703 1051 2783 ἐκάλεσαν,
1075 2703 1120 2771 'dm
1134 2702 1167 2772 τὸ
1182 2714 1279 2792 σχῆμα
1298 2714 1334 2794 τῇ

249 2769 330 2861 νήσῳ
352 2801 407 2840 aar
434 2780 514 2858 ἴχνος
528 2778 657 2862 μάλιστά
672 2783 750 2852 ἔστιν
768 2783 941 2873 ἆνθρολπον.
977 2799 1054 2854 idern
1077 2806 1191 2856 testatur
1208 2803 1276 2858 Piin.
1298 2801 1332 2856 H.

249 2865 283 2920 N.
301 2867 351 2934 iil,
368 2872 411 2926 13.
442 2867 603 2930 Sardiniam
618 2879 708 2949 meam
726 2879 853 2938 Timaeus
868 2881 1111 2940 sandaliotim
1126 2887 1283 2958 appellavit,
1298 2886 1333 2940 ai

248 2948 341 3022 effipia
356 2952 461 3022 soleae,
481 2954 617 3028 Myrsilus
632 2959 839 3036 Ichnusam,
860 2983 878 3020 a
893 2969 1066 3025 similitudine
1081 2971 1192 3042 oeetlpii.
1229 2972 1264 3027 ci.
1282 2971 1332 3028 Sil.

247 3033 315 3105 xu,
330 3039 391 3092 355.
412 3035 526 3102 *Insula
537 3042 682 3113 fluctisono
698 3049 904 3106 circumvallata
914 3052 1060 3125 profando
1076 3054 1231 3126 Castr'patar
1243 3059 1331 3128 opaea,

247 3134 459 3194 compressaque
471 3128 578 3198 parpite
592 3133 684 3188 terrae
699 3129 835 3190 Enormes
850 3135 954 3192 collibet
966 3137 1088 3200 nedae·
1101 3139 1161 3194 aad
1181 3141 1333 3212 imapine

241 3205 416 3275 plantae:
435 3207 507 3264 Iade
528 3209 686 3271 Iclrnasa
703 3221 788 3290 priua
811 3219 903 3276 Grais
924 3229 1075 3278 manarate
1095 3223 1206 3280 colonia
1235 3225 1332 3280 Manli.

246 3288 361 3350 Astron·
379 3289 435 3360 IV,
455 3298 517 3364 629.
556 3297 719 3358 Sardiniam
739 3306 768 3370 in
790 3305 892 3378 libyco
911 3310 1002 3380 emeat
1020 3309 1130 3380 aestipia
1145 3310 1271 3384 planiae.
1292 3330 1333 3348 -·

247 3373 329 3442 Quod
344 3374 470 3434 isidorus
483 3379 642 3440 Sardiniam
654 3387 701 3442 XL
717 3389 793 3444 milia
807 3407 947 3461 passuum
958 3393 986 3450 ln
998 3393 1164 3452 latitudinem
1179 3401 1275 3466 patere
1291 3395 1331 3453 di·

246 3457 291 3530 cil,
309 3460 371 3518 aive
387 3479 424 3518 ex
439 3462 571 3525 Sallustio
585 3469 694 3540 hausit,
711 3474 772 3530 sive
788 3474 848 3546 ipse
865 3477 956 3548 tradit,
971 3477 1049 3534 haud
1062 3477 1146 3536 dubie
1157 3481 1262 3547 ¹laisum
1278 3485 1330 3538 eat.

246 3543 339 3612 Quare
356 3551 386 3601 ut
406 3551 514 3606 numeri
532 3553 602 3610 ratio
622 3558 740 3628 propius
763 3558 800 3614 ad
823 3562 969 3620 veritatem
989 3563 1122 3632 accedat,
1144 3565 1263 3622 coniicio
1278 3581 1330 3638 pro

244 3627 291 3684 XL
310 3630 425 3698 inverso
443 3633 541 3692 ordine
557 3656 622 3694 esse
638 3643 817 3700 scribendum
832 3646 898 3716 LX;
915 3664 1092 3719 ,quamquam
1106 3655 1199 3710 aulem
1221 3668 1256 3708 ne
1276 3651 1330 3708 hoe

245 3713 358 3784 quidam
371 3718 439 3773 satis
452 3727 612 3781 accuratum
626 3731 668 3782 est
684 3729 734 3797 (ci.
747 3730 885 3792 iilanncrti
897 3731 1000 3806 Geogr.
1014 3733 1114 3793 Graan.
1127 3741 1155 3790 et
1168 3735 1249 3792 Rom.
1264 3737 1329 3794 Vol.

244 3795 291 3880 lii.
302 3800 332 3853 Ρ.
345 3801 379 3856 ΙΙ.
390 3819 418 3872 p.
432 3805 516 3872 iim).
534 3811 626 3863 tamen
645 3812 685 3868 aic
704 3820 820 3886 uterque
836 3834 969 3876 numerus
987 3821 1046 3876 lere
1063 3835 1173 3876 oumeo
1191 3823 1329 3892 congruit,

245 3896 327 3951 quem
342 3885 500 3944 Pausanias
515 3890 550 3959 X,
567 3895 610 3961 17,
629 3900 654 3952 1.
671 3899 806 3969 prodidit.
819 3929 860 3945 ·-
890 3903 987 3962 Herba
1002 3907 1126 3976 apiastro
1136 3907 1231 3962 naam
1246 3922 1263 3960 a
1279 3903 1330 3962 So-

244 3965 300 4024 lino
315 3969 453 4042 Polyhist.
466 3990 492 4028 e.
503 3975 537 4031 X.
550 3977 651 4034 dicitur
662 3982 749 4038 neria
765 3985 962 4058 Sardonia,
979 4007 996 4045 a
1007 3991 1127 4061 Virgilio
1139 3990 1198 4046 Eoi.
1212 3989 1273 4058 Vli,
1284 3993 1328 4052 41.

243 4049 383 4110 Sardoa
404 4055 506 4130 aerea,
523 4060 561 4118 ad
576 4075 659 4134 quem
674 4070 766 4126 locuni
782 4069 915 4128 Servius:
935 4075 984 4140 „in
999 4073 1145 4142 Sardinia,
1163 4075 1267 4146 inquit,
1282 4092 1329 4132 ua-

243 4137 328 4192 scitur
343 4141 483 4212 quaedam
498 4145 602 4216 herba,
622 4167 694 4222 quac
711 4153 819 4212 Sardoa
834 4156 952 4224 dicitur,
972 4163 1003 4214 ut
1022 4155 1229 4216 Sallustius
1251 4158 1326 4228 dicit,

240 4223 361 4292 apiastri
376 4227 471 4284 similis
478 4253 487 4292 ;
506 4231 578 4288 haec
595 4251 710 4300 comesa
725 4257 775 4296 ora
788 4241 926 4298 laminam
940 4244 1029 4303 rictas
1040 4243 1135 4300 dolore
1149 4241 1288 4305 common
1302 4248 1329 4299 et

240 4309 322 4376 panai
330 4309 451 4368 ridentes
463 4315 599 4375 interimit.
608 4322 626 4349 ‘⁶
656 4323 723 4379 inde
736 4325 810 4380 risus
822 4325 903 4382 fietus
915 4334 942 4382 et
954 4330 1142 4384 amarulentus
1157 4327 1326 4403 ringentium
