3102 4956
469 367 717 428 utsrontsuulu
738 365 973 424 FRAGMENTA.
1016 364 1084 420 LIB.
1106 363 1152 418 ΙΙΙ.
1278 355 1341 422 24³

742 669 811 722 Gar.
829 668 862 715 V.

331 773 430 824 Bellum
456 771 559 826 servile.
592 772 653 821 Eius
678 773 759 822 initia.
784 797 820 807 -
843 770 972 819 Vesuvius
998 769 1110 819 ascrvis
1135 773 1282 834 occupatus.
1308 793 1344 808 η

264 858 338 908 Vires
355 875 485 913 servorum
503 869 599 914 auctae.
618 890 653 900 -
670 862 791 911 Vatinius
810 856 864 909 rem
879 859 946 909 male
964 861 1038 925 gerit.
1056 887 1089 896 -
1109 857 1180 908 Crixi
1199 857 1294 910 clades.
1312 883 1344 893 -

264 947 399 1015 Spartacus
418 954 443 1003 in
460 953 600 1005 Lucaniam
623 970 651 1004 sc
671 953 787 1017 recipit.
806 979 841 990 -
859 950 961 1002 Lentuli
978 965 1065 1016 pugna
1089 965 1146 1000 cum
1169 949 1295 1016 fugitivis.
1312 976 1346 988 -

264 1038 400 1106 Spartacus
419 1043 528 1097 Galliam
545 1045 697 1112 cisalpinam
715 1045 788 1109 petit.

366 1323 418 1388 67.
460 1319 518 1389 Sin
540 1319 592 1390 vis
613 1321 767 1408 obsislal,
789 1323 878 1390 ferro
899 1337 996 1412 quam
1018 1319 1103 1388 lame
1122 1315 1261 1408 aequius
1282 1339 1347 1409 pe-

265 1439 396 1512 siluros

266 1645 410 1717 ignaviam
420 1647 571 1718 positum“,
585 1649 712 1705 omnibus
724 1648 935 1722 circumspectis
948 1648 1087 1702 neminem
1096 1647 1218 1716 invenio,
1227 1650 1254 1702 in
1265 1665 1347 1719 quem
1441 1669 1444 1675 ’

265 1729 321 1786 hoc
336 1734 428 1803 magis
443 1732 534 1800 cadat,
551 1749 634 1803 quam
646 1734 674 1788 in
691 1735 729 1788 M.
744 1734 905 1801 Antonium,
922 1733 1075 1803 quiquam
1090 1734 1235 1804 imparium
1249 1739 1347 1788 eontra

265 1817 372 1887 piratas
382 1831 439 1888 per
450 1819 595 1872 triertmum
612 1820 760 1890 gessisset,
778 1819 847 1882 nihil
861 1819 945 1889 piane
961 1815 1063 1886 effecit,
1079 1823 1107 1872 et
1123 1817 1159 1874 ad
1174 1824 1346 1889 postremum

266 1906 374 1972 turpem
390 1903 418 1956 in
434 1899 517 1957 Creta
532 1904 638 1958 exitum
652 1903 758 1959 habuit.
799 1904 876 1972 Quae
892 1903 1054 1958 coniectura
1070 1904 1094 1958 si
1109 1919 1164 1957 non
1179 1919 1196 1958 a
1210 1904 1348 1959 verisimi-

266 1985 382 2042 litudine
399 1987 538 2057 abhorret,
551 1988 589 2042 ibi
603 2005 658 2044 non
672 1990 765 2045 sciero
781 1987 818 2045 ad
836 1991 899 2044 trito
919 1988 1114 2059 participium,
1137 1987 1190 2043 scd
1208 1991 1348 2060 pertinere

192 2095 195 2101 ·
265 2076 332 2140 puto
349 2071 386 2126 ad
397 2073 533 2128 omissum
547 2076 675 2142 verbum,
686 2076 764 2130 velut
777 2073 847 2141 obiit,
862 2074 909 2127 vci
925 2073 1015 2127 simile
1031 2071 1184 2142 quoddam.
1205 2074 1262 2128 Vix
1274 2075 1347 2130 enim

266 2154 381 2211 dubium
398 2163 449 2225 esi,
463 2157 530 2227 quin
551 2158 589 2213 ibi
607 2164 714 2230 spectet
734 2159 771 2214 ad
786 2156 904 2226 Cretum,
921 2157 967 2211 ubi
982 2156 1120 2211 Antonius
1134 2160 1231 2212 morbo
1246 2160 1346 2228 periit;

267 2240 304 2294 oi.
319 2241 551 2296 Pseudo-Asson.
570 2242 606 2297 ad
624 2242 680 2298 Cic.
697 2243 726 2296 in
738 2243 821 2297 Verr.
837 2243 857 2309 1,
871 2246 916 2307 23,
927 2244 972 2300 60.
987 2255 1017 2310 p.
1029 2243 1090 2299 176.
1106 2240 1191 2296 Orell.
1202 2248 1230 2295 ot
1241 2242 1347 2302 adDiV.

267 2324 297 2377 in
312 2321 394 2380 Cacc.
405 2342 432 2380 ο.
447 2327 489 2394 17,
504 2331 547 2383 bb.
562 2343 590 2397 p.
599 2333 660 2385 lau.
676 2326 760 2382 uren.
782 2328 966 2382 Antonius—
979 2341 1035 2380 non
1048 2327 1135 2381 solum
1150 2328 1210 2397 ipse
1223 2341 1348 2398 ηερμανν,

267 2421 362 2464 voum
377 2411 457 2464 etiam
472 2412 611 2467 comitibus
619 2413 758 2483 pessimis,
779 2425 838 2466 nem
861 2411 1014 2466 inauditam
1033 2412 1139 2480 invasu,
1162 2417 1193 2465 et
1210 2411 1348 2466 indicto

270 2491 501 2551 Cretensibus
518 2495 610 2552 bello
624 2497 750 2552 ibidem
759 2498 886 2568 periit.
901 2495 1030 2552 -Hacc
1042 2500 1102 2551 utut
1120 2502 1193 2566 sunt,
1210 2503 1284 2552 certe
1300 2497 1349 2552 aii-

267 2584 371 2648 quanto
388 2587 451 2635 sunt
471 2581 670 2652 probabiliora,
690 2598 775 2654 quam
789 2580 933 2636 Debrossii
949 2581 1095 2648 sententia,
1117 2578 1265 2636 Gerlaohio
1281 2598 1349 2652 quo·

268 2677 322 2733 que
337 2667 454 2735 probata
468 2665 532 2721 Vol.
548 2667 594 2721 111.
611 2684 640 2738 p.
656 2669 734 2735 118.,
756 2667 802 2738 qui
825 2667 913 2721 verba
934 2665 969 2720 dc
989 2666 1062 2720 balio
1085 2682 1102 2720 a
1121 2664 1242 2722 Servilio
1265 2667 1349 2724 Vatia

268 2753 367 2804 contra
381 2751 487 2819 piratas
503 2757 582 2821 gesto
598 2752 764 2822 intelligunt.
807 2751 838 2804 ln
860 2766 914 2821 quo
936 2755 1047 2820 practer
1067 2750 1216 2806 triennium
1239 2752 1348 2822 imperii

270 2831 419 2888 dissimilia
439 2840 504 2888 sunt
524 2837 626 2891 omnia.
670 2835 781 2902 Quanta
796 2835 871 2888 enim
888 2837 916 2889 in
931 2834 1053 2888 Antonio
1068 2834 1118 2888 tuit
1132 2837 1257 2908 ignavie,
1274 2836 1349 2892 desi·

270 2915 318 2971 dia
332 2932 366 2970 ac
383 2918 563 2989 negligentia,
579 2925 656 2974 tanta
671 2919 699 2971 in
714 2917 835 2974 Servilio
853 2917 999 2983 fortitudo,
1021 2919 1171 2975 consilium
1187 2923 1283 2992 reique
1299 2922 1349 2975 mi·

270 3000 359 3056 litaris
378 3002 479 3072 peritia
499 3005 542 3071 (v.
558 3003 596 3058 ad
608 3004 655 3059 Fr.
670 3002 695 3070 l,
712 3004 756 3059 79.
771 3004 848 3068 tto-lt
870 3017 955 3072 quare
977 3003 1090 3057 nonnisi
1111 3005 1212 3060 obtusa
1234 3007 1348 3077 ingenia

269 3089 386 3154 potncrc
405 3087 434 3141 in
451 3103 513 3144 eam
534 3088 696 3159 opinionem
712 3084 854 3152 incidere,
874 3086 1035 3156 Fragmenti
1049 3085 1134 3142 huius
1148 3091 1252 3155 verba,
1275 3106 1348 3159 quac

270 3174 375 3224 tantam
389 3172 522 3243 ignaviae
541 3172 774 3244 vituperationem
794 3167 907 3238 habent,
922 3168 957 3224 de
973 3170 1020 3224 iiio
1036 3170 1111 3226 diota
1126 3189 1202 3227 esse.

354 3255 460 3314 Fusa.
478 3253 563 3330 [Cori.
579 3274 608 3328 p.
624 3261 702 3316 1009.
720 3257 794 3312 Gari.
810 3256 857 3310 ed.
873 3255 939 3310 mai.
955 3255 1012 3311 lnc.
1026 3260 1084 3313 151.
1103 3257 1149 3311 ed.
1162 3257 1228 3311 min.
1239 3257 1347 3316 Inuib.

270 3354 300 3409 p·
313 3343 376 3408 138,
391 3345 435 3399 13.
450 3340 533 3396 Debr.
548 3343 595 3411 IV,
611 3343 668 3410 76.]
697 3342 904 3412 Fragmentum,
924 3339 1056 3399 aser-vro
1073 3339 1110 3396 ad
1121 3341 1201 3412 Virg.
1215 3342 1287 3398 Aen.
1304 3343 1349 3411 ill,

269 3427 332 3482 265.
347 3424 501 3492 laudatum,
521 3426 658 3482 audacius
673 3425 797 3497 quidem,
814 3425 874 3494 sed,
891 3432 920 3480 ut
935 3424 1112 3493 confidimus,
1126 3441 1183 3480 non
1199 3427 1261 3481 sine
1276 3430 1348 3484 veri

272 3507 460 3564 similitudinis
477 3512 573 3581 specie
590 3511 626 3566 ad
646 3511 754 3566 initium
768 3512 833 3564 balli
849 3507 988 3580 Spartaoii
1002 3511 1154 3566 retulimus.
1177 3511 1247 3566 Nam
1264 3528 1346 3583 quum

272 3594 359 3648 verba
375 3600 472 3664 aperte
486 3593 568 3650 ducis
583 3596 638 3651 sint
653 3596 750 3666 copias
766 3611 843 3663 suas,
859 3595 954 3666 iniquo
968 3596 1031 3650 loco
1044 3595 1178 3663 inclusas,
1192 3595 1347 3664 edocentis,

272 3676 295 3730 si
310 3677 383 3734 elam
398 3677 527 3734 hostibus
542 3681 665 3736 evadere
682 3696 739 3736 non
754 3681 873 3752 possint,
887 3681 916 3735 vi
939 3679 1142 3751 erumpendum
1159 3697 1240 3749 esse,
1263 3684 1350 3737 terro-

270 3777 326 3831 que
340 3763 433 3833 potius
450 3779 535 3834 quam
549 3766 624 3820 lame
635 3765 820 3837 pereundum,
835 3764 913 3820 haud
929 3763 1106 3821 incommode
1122 3765 1157 3820 de
1170 3765 1306 3837 Spartaco
1322 3773 1349 3821 ct

271 3845 307 3899 de
324 3847 450 3918 fugitivis
467 3849 585 3922 cogitari
599 3857 701 3921 potest,
716 3867 772 3905 non
782 3852 868 3906 multo
880 3855 954 3920 post,
968 3867 1052 3921 quam
1059 3847 1156 3920 Capua
1171 3852 1347 3922 aufugerant,

270 3931 299 3984 in
314 3930 405 3986 ardua
420 3933 540 3992 Vesuvii
554 3940 634 4005 parte
648 3937 793 4002 obsessis,
816 3937 840 3990 si
856 3936 1006 3990 contuleris
1029 3933 1121 3988 Pinn'
1115 3951 1144 3987 m
1160 3933 1262 3992 Crasso
1280 3953 1304 3990 ο.
1320 3939 1346 4004 9,

212 4015 219 4021 ”
270 4015 308 4070 in.
337 4011 474 4072 Κλωδίου
489 4018 652 4158 orpptsrpyorl
669 4037 741 4116 μενοι
728 4005 920 4092 τρισχιλίων
935 4010 1138 4114 πεμφθέντος
1136 4007 1185 4073 ἐπ’
1184 3979 1348 4116 Ρώμηςιιιιλ

269 4099 497 4198 πολιορκονντος
512 4091 628 4170 adrosis
636 4096 668 4158 ἐν
684 4119 746 4176 opst
762 4098 833 4200 μίαν
853 4097 949 4199 ἔχοντι
968 4096 1019 4158 κοιλ
1033 4089 1162 4176 χαλεπὴν
1176 4097 1226 4159 καλ
1242 4093 1347 4176 στενὴν

271 4172 424 4278 ἅνοδον,“
403 4203 449 4280 ην
452 4202 469 4241 o
455 4172 614 4255 ‘Kladeos
625 4173 815 4286 ἐφρούρει,
782 4203 819 4242 να
832 4172 862 4241 δ’
879 4175 953 4244 αλλοι
965 4177 1288 4264 κρημνούςᾶποτόμονς
1296 4181 1348 4243 καλ

271 4257 422 4340 Modubae,
435 4258 566 4344 ἄμπελον
581 4264 614 4328 ὄλ
633 4260 747 4347 πολλην
761 4259 870 4349 alypius
884 4264 1025 4349 ἐπιπολῆς
1041 4271 1225 4348 πεφυκυῖαν,
1248 4266 1350 4346 ἔτεμον

1077 4365 1144 4428 16*
