3062 4958
231 377 295 444 314
599 381 630 437 (3.
653 381 826 441 SALLIISTI
849 381 963 438 CRISPI

231 578 344 668 petere
377 572 517 642 audeam
553 567 760 656 societatem,
794 573 828 641 ct
857 571 981 638 trustra
1011 570 1099 640 mata
1136 591 1210 640 mea
1238 592 1314 638 cnm

231 701 297 771 tuis
319 697 414 769 bonis
436 696 564 766 misceri
587 717 727 787 sperem.
782 697 894 789 Atque
926 717 983 780 ea,
1020 717 1107 788 quac
1133 699 1166 765 te
1191 695 1345 768 moraris

231 847 333 918 posse
371 823 540 906 ridentur,
583 821 633 891 ira
659 821 711 889 ‘in
754 821 932 913 Tigranem
977 821 1118 892 recentis
1164 822 1242 892 beili
1279 826 1312 891 et

231 973 324 1021 meae
351 971 404 1020 res
431 969 547 1040 parum
581 967 777 1037 prosperae,
808 947 837 1015 si
865 969 948 1018 vera
972 947 1173 1019 existumare
1203 948 1311 1033 voles,

231 1099 384 1148 maxume
412 1073 639 1144 hortabuntur.
689 1074 747 1143 iiie
776 1073 862 1142 enim
892 1073 1073 1159 obnoxius,
1111 1074 1241 1168 qualem
1273 1079 1343 1141 tua

230 1203 326 1274 voles
356 1200 565 1285 societatem,
598 1197 752 1290 accipiet3
782 1199 859 1269 mihi
886 1200 1035 1283 fortuna,
1067 1199 1178 1268 multis
1213 1197 1311 1268 rebus

228 1411 276 1483 qui
288 1423 368 1481 quom
364 1410 568 1480 antepartum
583 1407 682 1476 sunt(
675 1424 694 1460 ι.
708 1423 734 1461 e.
753 1409 855 1462 meinos
869 1411 895 1462 et
906 1421 1000 1478 prope
1015 1408 1148 1462 immutes
1167 1407 1310 1479 trapeam»-

228 1509 281 1567 que
293 1496 493 1549 mmnuſtr
505 1492 548 1546 Ex
567 1494 622 1548 misi
637 1492 774 1562 partiente
787 1492 914 1564 pendere
933 1491 1029 1564 forent
1044 1494 1090 1547 vel
1106 1498 1212 1564 asserit,
1233 1491 1310 1563 qnod

228 1579 417 1652 supplendum
436 1584 479 1632 est
487 1578 574 1648 ,ipsa
589 1577 712 1633 ostendit
727 1577 922 1634 enunciatonis
938 1577 1142 1632 condicionalis
1154 1578 1253 1632 torma.
1269 1577 1309 1632 De

229 1665 399 1719 coniunctivi
415 1663 508 1733 eitipsi
523 1679 551 1714 v.
568 1661 690 1717 Gramm.
706 1662 753 1716 lat.
771 1669 860 1718 nostr.
875 1667 901 1727 §-
919 1667 980 1722 113.
995 1669 1052 1718 not.
1067 1668 1096 1721 3.
1111 1663 1309 1734 [1131111116-

229 1751 290 1822 geri
310 1748 434 1803 Gramm.
450 1750 494 1803 lat.
511 1751 537 1810 §-
552 1751 613 1806 665.
635 1752 693 1801 not.
713 1752 742 1804 2.
757 1765 786 1820 p.
801 1753 862 1807 912.
875 1777 919 1786 -
933 1749 987 1802 Pro
1003 1749 1209 1814 scelestissimi,
1232 1747 1309 1818 quod

228 1833 314 1888 codd.
336 1839 445 1899 tenent,
464 1830 573 1885 Cortins
594 1831 707 1903 scripsit
724 1833 945 1888 sceleratissimi.
958 1861 1003 1872 -
1021 1833 1096 1888 Ante
1112 1835 1222 1904 epreptn
1241 1831 1308 1886 edd.

229 1919 400 1990 antiquiores
414 1923 440 1972 et
455 1918 595 1984 inserunt,
610 1917 687 1986 qnod
708 1917 737 1971 in
757 1917 843 1973 codd.
867 1933 923 1971 non
943 1923 1046 1972 exstat.
1066 1945 1109 1956 -
1131 1916 1247 1972 Misceri
1262 1916 1308 1972 hic

228 2003 303 2058 Idem
318 2004 396 2060 vaiet
406 2009 488 2073 atque
504 2003 581 2073 inopi
587 2039 596 2073 ,
617 2003 746 2075 copulari
750 2027 758 2063 3
782 2005 818 2058 ci.
839 2003 900 2074 lug.
916 2019 942 2056 c.
962 2001 1114 2068 LXXXIII,
1130 2008 1155 2059 1.
1172 2001 1230 2057 Stat
1242 2019 1309 2057 cnm-

226 2090 344 2161 mteret,
367 2101 422 2142 ννν
441 2088 567 2159 florentis
591 2101 638 2143 res
657 2103 724 2144 suos
748 2103 810 2144 eum
825 2087 979 2160 Inpurtttoc
999 2088 1117 2160 perditis
1134 2089 1309 2143 miseeret.

228 2173 357 2229 Cetermn
373 2167 493 2244 spirare
511 2179 648 2228 consueto
668 2173 753 2228 modo
772 2173 931 2246 praesentis
947 2173 1084 2229 infinitivo
1101 2172 1241 2244 iungitur,
1262 2173 1309 2244 ubi

227 2261 304 2314 vaiet
316 2260 346 2314 im
360 2259 488 2331 opinione
501 2258 594 2330 atquo
608 2273 682 2329 esee,
693 2267 811 2332 maore,
827 2260 874 2314 vet
888 2257 940 2313 sibi
949 2259 1123 2330 perstmdere
1139 2258 1258 2330 nimiam
1271 2258 1308 2314 ct.

226 2345 365 2418 Kruegeri
380 2343 503 2399 Gramm.
523 2344 571 2398 lat.
586 2347 612 2408 ς.
628 2348 691 2403 564.
707 2351 765 2400 not.
775 2351 803 2403 3.
818 2363 848 2416 p.
864 2345 926 2403 ²165.

311 2516 338 2578 1.
353 2517 381 2571 3.
392 2513 480 2586 Atque
491 2514 538 2581 ea)
554 2513 596 2568 lta
606 2518 698 2567 exstat
707 2514 735 2567 in
745 2513 809 2568 Vat.
819 2520 842 2571 l.
851 2515 878 2567 et
885 2518 910 2570 2.
929 2512 1020 2584 Vulgo
1032 2525 1169 2584 perverse
1181 2513 1309 2569 scribitur
1398 2497 1400 2501 ⁸

226 2599 303 2672 atqui
311 2611 360 2660 νας
372 2613 465 2669 neque
478 2599 571 2653 minus
586 2597 763 2654 incommode
771 2599 867 2654 Douza
880 2599 1046 2654 coniecitod
1056 2611 1136 2670 quoe.
1151 2597 1216 2653 Vim
1228 2603 1309 2671 atque

225 2684 382 2757 particulae
398 2699 450 2755 pro
467 2697 503 2738 nc
522 2690 612 2738 tamen
627 2683 735 2753 positae
757 2684 860 2756 optime
875 2683 1025 2740 illustravit
1039 2683 1130 2738 Hand.
1148 2683 1176 2737 iu
1190 2682 1308 2741 Turseli.

226 2768 293 2822 Vol.
308 2767 330 2822 I.
346 2785 375 2839 p.
390 2772 452 2828 488.
485 2769 600 2825 Duabus
615 2769 690 2823 entm
707 2770 851 2825 sententiis
867 2769 984 2841 positis,
1007 2784 1124 2840 quarum
1138 2770 1226 2824 altera
1241 2785 1307 2824 oon-

226 2853 341 2911 trarium
361 2853 485 2910 continet
507 2855 625 2927 prioris,
647 2859 676 2910 ut
697 2855 871 2927 significetur
890 2855 962 2910 duas
982 2855 1049 2910 istas
1065 2855 1220 2910 sententias
1236 2855 1308 2910 inter

226 2955 258 2996 se
274 2941 420 3011 aequatem
435 2941 492 2996 vim
508 2941 613 2997 habere
627 2947 655 2996 et
669 2940 833 3012 cohaerere,
847 2947 929 3014 atque
944 2945 1094 3012 usurpatur
1108 2955 1126 2993 a
1138 2939 1254 3009 Latinis,
1270 2939 1307 2996 ad

226 3023 409 3082 iudicandum
424 3027 533 3082 etiamsi
550 3028 637 3083 altera
652 3043 698 3082 res
714 3044 784 3084 vera
798 3028 834 3085 sit
849 3032 876 3080 et
891 3032 1009 3092 constet,
1026 3041 1115 3097 aeque
1132 3031 1226 3080 tamen
1240 3027 1307 3082 alte-

124 3101 127 3108 ’
226 3127 285 3167 ram
307 3127 405 3166 veram
426 3128 492 3169 esse
515 3118 543 3168 et
564 3119 705 3168 constare.
735 3113 865 3167 Germani
887 3127 948 3166 eam
971 3112 1170 3166 sententiarum
1187 3111 1306 3167 interae

224 3197 363 3252 rationem
377 3197 515 3268 particula
529 3196 690 3270 pleichmottt
707 3197 877 3268 exprimunt.
907 3197 1009 3252 Nostro
1031 3197 1115 3269 igitur
1132 3197 1306 3268 locoquam-

225 3299 309 3354 qnam
323 3284 412 3338 malas
429 3300 494 3339 esse
510 3299 557 3338 res
572 3300 640 3338 suas
656 3281 786 3336 coneedit
797 3281 983 3350 Mithridates,
999 3289 1090 3339 tamen
1107 3297 1197 3352 aeque
1207 3299 1306 3338 verum

225 3368 312 3439 ponit,
328 3367 465 3423 Arsacem
487 3384 520 3422 eo
538 3367 575 3422 ad
590 3382 673 3438 opem
689 3366 834 3424 terendam
849 3384 906 3422 non
922 3366 1058 3423 deterreri
1073 3368 1177 3423 debere
1192 3369 1228 3424 ct.
1245 3369 1305 3440 lug.

225 3470 251 3508 c.
266 3453 314 3520 IV,
330 3457 356 3510 3.
390 3452 514 3510 Ceterum
530 3466 568 3532 cro
589 3451 651 3506 aliis
664 3455 789 3524 nepotas,
810 3467 881 3525 quoe
894 3455 1002 3525 ispanio
1017 3457 1194 3522 mercentur,
1208 3455 1303 3526 impri-

225 3541 276 3594 mis
301 3554 400 3610 mnpno
428 3539 492 3592 usui
516 3541 557 3593 est
580 3538 712 3592 memoria
737 3553 832 3594 rerum
855 3543 1004 3610 pestnrum.
1039 3569 1083 3580 -
1119 3539 1232 3610 Atque
1257 3554 1306 3610 epo

225 3621 308 3678 credo
322 3622 395 3694 fore,
411 3623 459 3693 qui
471 3651 513 3660 -
529 3627 602 3677 tanto
624 3626 732 3694 tamque
747 3625 806 3679 atrii
824 3624 918 3680 labore
932 3639 992 3680 meo
1007 3639 1106 3679 nomen
1120 3625 1236 3680 inertiae
1253 3626 1304 3679 im-

220 3711 339 3780 ponant.
376 3705 454 3762 Catil.
476 3722 502 3760 c.
522 3707 564 3775 LI,
581 3711 627 3766 35.
666 3705 712 3762 Ito
733 3709 785 3778 itti,
806 3708 902 3780 quitus
921 3709 1090 3782 Damasippi
1100 3709 1305 3765 mortitetitioe

222 3793 327 3865 suerat,
344 3791 442 3863 pactio
461 3797 528 3864 post
539 3794 594 3864 ipsi
607 3792 796 3849 trahebantur.
811 3821 854 3836 —-
873 3795 981 3867 Atque
1002 3811 1050 3868 epo
1065 3795 1136 3850 haec
1149 3809 1205 3850 mon
1218 3797 1257 3850 in
1263 3793 1304 3850 Μ.

228 3877 315 3933 Tullio
329 3890 417 3949 neque
430 3875 473 3932 lm
488 3877 653 3951 temporibus
668 3892 825 3934 uereoroe
842 3879 972 3936 Recentis
988 3881 1050 3936 belli
1061 3879 1193 3952 Tigranis
1208 3886 1305 3936 contra

226 3962 343 4017 Parthos
364 3963 490 4018 meminit
509 3965 590 4019 etiam
615 3964 785 4019 PlutarcIn'
779 3981 806 4019 m
832 3966 939 4021 Lucuil.
966 3984 992 4020 c
1017 3971 1068 4035 21
1093 3963 1168 4020 med
1206 3954 1305 4039 ”Eum

225 4035 320 4103 πολλὰ
336 4041 564 4126 κατεστρέψατο,
587 4037 683 4105 καὶ
652 4067 707 4124 την
721 4037 909 4144 Πάρθων,τ
891 4067 929 4119 (νς
947 4039 1034 4119 άλλος
1049 4009 1160 4121 desta,
1176 4041 1306 4124 δύναμιν

225 4125 423 4189 ἐταπείνωσεν.
453 4134 505 4190 Dio
519 4134 650 4204 XXX,1.
625 4120 769 4230 ΙΠρὸς
789 4120 937 4230 Ἀρσάκην
955 4125 1006 4192 τὸν
1004 4123 1174 4233 Πάρθον,
1199 4131 1304 4212 καίπερ

225 4203 383 4297 ἐχθρὸν’
348 4216 446 4276 nutrio
462 4207 512 4276 διά
533 4209 632 4296 χάραν
646 4208 714 4277 τινά
730 4203 1019 4318 άμφισβηνήσιμον”
1002 4238 1083 4317 οντα,
1099 4213 1306 4316 imperitatum

225 4305 279 4378 (se
306 4305 429 4362 Mithrid.
458 4313 485 4362 et
509 4305 671 4390 Tigranes).
711 4304 753 4360 ld.
778 4305 846 4368 ibid.
873 4323 899 4360 c.
924 4311 952 4371 3.
982 4291 1183 4386 ‘O'Apoc'npg
1202 4299 1244 4362 ἔτι
1265 4303 1306 4387 roi
