3062 4958
222 396 285 462 288
578 401 609 458 C.
632 402 803 460 Snennsrl
826 402 940 460 CRISPI

221 591 362 672 teretur,
390 586 484 656 cuius
508 586 689 678 torpedinis
713 592 783 658 erat
803 587 908 678 decipi
928 591 961 656 et
987 577 1174 660 vostrarum
1192 611 1300 660 rerum

220 713 307 782 ultro
327 711 464 784 iniuriae
483 710 623 809 gratiam
639 711 781 783 debere?
804 710 981 812 Cavendus
999 711 1097 782 dolus
1117 719 1179 786 est.
1196 714 1301 784 Nam-

200 858 286 930 -que
311 835 378 908 alio
398 835 498 906 modo
519 855 628 928 neque
652 835 764 906 valent
787 835 819 906 in
847 837 1039 924 universos,
1066 859 1174 932 neque
1194 861 1301 911 cona·

222 1092 277 1134 non
297 1075 476 1130 referendum
491 1092 556 1130 esse
575 1075 612 1130 ad
627 1075 782 1128 tenuissimo
796 1090 855 1146 spe,
872 1076 925 1132 sed
941 1077 977 1131 ad
995 1082 1049 1131 tom
1058 1094 1153 1148 parua
1171 1093 1226 1145 res,
1241 1093 1300 1134 ser·

218 1164 275 1219 viiii
289 1163 411 1234 pretium
431 1165 523 1216 autern
548 1160 749 1215 nominativum
769 1175 837 1214 esse
866 1160 1055 1216 attributivum
1074 1177 1146 1233 quac
1170 1163 1298 1218 subiecti.
1381 1181 1389 1196 ‘

218 1246 315 1302 TotIus
329 1246 412 1317 igitur
430 1245 484 1299 loci
500 1261 601 1299 sensus
614 1245 660 1300 hic
675 1250 733 1298 est:
750 1248 907 1315 temporeo
921 1245 1056 1322 frumenti
1068 1248 1211 1319 turpilione
1226 1247 1299 1302 nobb
1350 1266 1352 1270 ·

218 1349 273 1388 nan
289 1332 454 1392 consutilem
473 1329 523 1385 scd
538 1331 633 1401 finpita
653 1344 713 1384 eam
734 1343 793 1384 eoae
814 1331 1026 1402 amplissimam
1046 1335 1297 1402 munumentum

218 1432 252 1472 aa
273 1415 342 1470 nabit
359 1415 436 1470 aliud
453 1421 537 1486 esset,
560 1431 643 1485 qnam
657 1410 763 1470 scruti
776 1417 911 1486 premam,
929 1430 1051 1472 unumne
1070 1417 1221 1488 torpedun's
1237 1423 1299 1472 not

217 1502 315 1572 daupi.
344 1529 387 1538 -
423 1500 476 1554 Pro
515 1513 603 1571 quae
642 1504 733 1554 tumen
773 1497 894 1578 Orellius
933 1517 969 1555 ex
998 1501 1100 1557 Faerni
1135 1501 1297 1558 contectura

219 1586 331 1657 scripsit
355 1602 422 1657 qua
449 1591 555 1650 tomen,
581 1584 642 1639 sine
668 1585 725 1640 ulia
749 1585 928 1656 necessitate.
953 1615 996 1624 -
1031 1585 1072 1640 De
1098 1586 1206 1642 ratione
1231 1603 1298 1657 pas·

219 1671 274 1728 sIvi
296 1671 324 1725 i'n
340 1671 426 1725 verbo
449 1670 540 1740 decipi
559 1687 587 1723 v.
613 1668 763 1724 Grammat.
784 1670 832 1724 lat.
855 1676 943 1726 nostr.
967 1675 1118 1737 §.116,I·
1138 1660 1296 1729 cnot'lo.

217 1771 246 1826 p.
266 1759 330 1814 250.
350 1785 392 1794 -
416 1753 542 1808 Iniuriae
559 1759 665 1808 nostra.
677 1754 839 1809 coniectura
854 1762 897 1810 est
910 1771 962 1826 pro
984 1756 1100 1826 inum,
1124 1761 1153 1812 ut
1168 1755 1252 1811 codd.
1269 1762 1297 1810 et

218 1838 285 1896 edd.
305 1839 417 1896 habent.
448 1837 530 1906 Quod
548 1853 716 1909 quamquam
730 1837 882 1900 Gerlachio
897 1840 1014 1894 mirifice
1030 1840 1123 1910 placet
1133 1840 1295 1918 ¹(nam1Vol.

190 1951 192 1954 ·
216 1924 261 1978 111.
282 1941 312 1995 p.-
332 1927 377 1982 98.
401 1925 522 1992 „innuen
536 1921 671 1990 additum,
688 1922 785 1994 inquit,
801 1929 830 1979 ut
848 1924 983 1980 iudieIum
999 1921 1046 1998 [i]
1070 1926 1106 1980 de
1121 1925 1175 1980 hac
1191 1921 1313 1996 agendi

216 2009 323 2064 ratione
344 2005 393 2078 [1]
416 2009 621 2079 Interponeret;
651 2023 741 2079 neque
763 2016 838 2077 eret,
869 2009 946 2082 quod
965 2009 1086 2081 interpp.
1106 2008 1161 2066 hoc
1183 2010 1212 2064 in
1232 2011 1295 2066 Ioco

217 2093 407 2164 offenderent,
430 2110 493 2150 cum
512 2092 584 2150 haec
611 2091 724 2149 dicendi
753 2094 823 2148 ratio
846 2091 1029 2165 [quaeneml]
1061 2111 1145 2166 quam
1174 2096 1294 2151 maxime

217 2177 387 2236 Sallustiana
406 2179 441 2234 sit
464 2174 531 2248 [ll]
553 2175 706 2234 cl'r.,Catil.
728 2195 754 2235 c.
775 2181 801 2247 i,
820 2183 847 2238 4.
862 2181 891 2234 in
905 2181 1005 2235 castris
1022 2195 1079 2251 per
1100 2179 1222 2236 laborem
1244 2194 1296 2236 uera

215 2265 335 2328 militiam
350 2264 541 2333 ducebantf‘),
561 2269 667 2333 tamen,
689 2263 754 2334 quia
775 2269 935 2337 corruptam
952 2265 1034 2320 iniert
1056 2265 1238 2331 sententiam,
1256 2259 1296 2318 to·

214 2349 299 2404 Ierari
326 2350 401 2404 nullo
430 2355 513 2420 pacto
540 2353 643 2419 potest.
676 2347 748 2404 Nam
769 2365 855 2420 quum
877 2350 948 2405 ultro
969 2349 1123 2422 significet,
1151 2349 1197 2418 id,
1220 2348 1295 2420 quod

215 2435 394 2501 annectatur,
417 2434 574 2504 exspectari
597 2448 652 2488 non
672 2433 818 2504 potuisse,
840 2433 915 2488 idem
936 2450 993 2489 non
1012 2441 1106 2506 potest
1120 2433 1176 2490 dici
1192 2435 1295 2490 inuno

214 2516 285 2587 beel,
300 2523 329 2574 ut
344 2519 427 2574 facile
442 2522 519 2589 patet
533 2534 569 2574 ex
584 2519 738 2574 sententiae
754 2519 984 2588 conformatione,
1001 2535 1073 2590 quae
1089 2519 1132 2576 sic
1147 2536 1178 2576 sc
1194 2517 1293 2575 habet:

216 2608 337 2672 quantae
359 2601 516 2678 torpedinis
538 2609 598 2658 erat
613 2602 724 2674 decipi,
747 2607 774 2658 et
787 2609 898 2660 vestras
914 2620 960 2660 res
979 2619 1035 2659 non
1050 2606 1141 2660 solum
1157 2605 1293 2672 amittere,

175 2715 177 2718 ·
213 2687 263 2742 sed
277 2687 346 2744 odeo
361 2686 514 2742 omissionis
527 2689 647 2758 pretium
662 2687 769 2744 debere.
799 2688 882 2757 Quod
896 2705 980 2760 quum
995 2689 1150 2760 torpedinis
1165 2690 1294 2752 cumulus

216 2772 268 2839 sit,
293 2771 434 2843 quomodo
454 2765 557 2827 ἰηίιλήὰ
578 2772 607 2826 iu
627 2772 827 2844 cogitationem
848 2773 915 2830 addi
934 2774 1042 2845 possit,
1064 2791 1122 2846 non
1138 2774 1232 2846 liquet.
1262 2774 1294 2828 ld

213 2857 285 2915 bene
306 2857 450 2928 perspexit
469 2857 574 2927 Faber,
585 2856 647 2914 sed
667 2874 724 2912 non
739 2859 811 2916 satIs.
820 2855 1001 2931 probabiliter
1015 2857 1211 2916 incommodae
1227 2875 1289 2916 sen·

214 2942 315 2998 tentiae
335 2943 374 2998 ita
392 2941 563 2999 medendum
584 2945 706 3015 censuit,
733 2950 762 2998 ut
781 2946 828 3000 vel
849 2946 951 3000 macno
970 2949 1101 3014 tanquam
1119 2945 1191 3000 ultro
1212 2945 1293 3000 vocis

214 3028 311 3101 glossa
333 3027 475 3095 eliciatur,
496 3029 542 3084 vel
565 3030 593 3084 a'n
608 3029 710 3086 niuno
725 3029 872 3085 scribatur.
902 3028 1059 3085 Gronovius
1075 3028 1232 3086 Observatt.
1247 3029 1292 3098 III,

212 3116 239 3180 2,
256 3129 285 3183 p.
301 3116 362 3174 343.
379 3112 426 3168 ed.
443 3113 517 3185 Lips.
534 3114 655 3170 coniecit
669 3118 695 3168 et
708 3118 799 3168 uestra
815 3113 1085 3170 munerantibus
1101 3130 1170 3185 pro
1190 3115 1292 3168 macno

210 3200 330 3268 matiam
351 3198 466 3260 deberc;
484 3198 623 3254 ..Wassius
643 3199 763 3252 altera
786 3199 904 3259 macru-,-
925 3196 1098 3255 contarenus
1123 3199 1151 3254 iu
1170 3197 1241 3252 libro
1256 3197 1291 3252 de

212 3283 386 3340 Frumenter.
408 3282 490 3337 Rom.
512 3283 660 3354 largitione
679 3282 913 3337 ultra'ina‘urIam.
942 3281 1001 3339 Sed
1021 3281 1089 3338 nihil
1112 3282 1292 3353 borumpro-
1401 3286 1404 3290 '

212 3369 273 3424 bari
293 3373 394 3440 potest.
439 3367 525 3421 Nobis
554 3381 722 3437 persuasum
742 3371 785 3420 est
811 3365 973 3423 Sallustium
994 3368 1144 3439 scripsisse
1166 3368 1292 3434 iniunbe,

213 3468 268 3525 quo
290 3460 317 3508 ct
341 3451 495 3508 sententiae
516 3451 657 3520 aliquanto
680 3448 710 3504 fit
733 3451 875 3522 acerbior,
899 3459 925 3505 et
951 3455 1101 3508 verborum
1122 3452 1292 3508 constructio

212 3538 303 3609 magis
324 3536 490 3610 perspicue,
514 3533 609 3589 dativo
629 3534 666 3590 ad
688 3533 853 3592 infinitivum
875 3536 980 3592 addito.
1016 3535 1127 3594 lunaria
1148 3537 1223 3592 enlin
1246 3537 1316 3600 ab·¹

213 3627 316 3678 stracto
335 3623 393 3676 vim
413 3617 534 3674 concreti
556 3620 712 3687 obtinente,
736 3627 764 3676 ut
787 3637 874 3692 supra
889 3627 914 3688 §-
932 3626 985 3690 13„
1001 3638 1051 3678 eos
1068 3620 1224 3692 significat,
1247 3621 1294 3691 qni
1314 3621 1316 3626 '

212 3706 322 3774 (vobis)
337 3705 465 3760 tntuaa'om
478 3703 596 3776 faciunt.
615 3704 722 3760 Eodem
739 3705 823 3760 inodo
840 3705 916 3777 apud
931 3706 1042 3762 Livium
1056 3705 1186 3774 XXVIII,
1201 3708 1250 3772 42,
1266 3706 1293 3763 i.

210 3791 295 3863 fraus
311 3789 412 3846 dicitur
428 3805 480 3859 pro
497 3788 625 3861 bomine,
644 3791 690 3862 qui
709 3791 836 3846 fraudem
853 3792 926 3850 lacit.
943 3821 986 3829 —
1015 3791 1178 3846 Vostranum
1197 3799 1291 3844 renem

213 3875 317 3946 duplici
337 3872 422 3928 modo
441 3880 534 3944 potest
559 3873 690 3948 iutelligr',
707 3876 759 3930 'vel
780 3877 832 3944 ila,
861 3881 888 3932 nt
912 3877 948 3930 sit
967 3890 1064 3930 earum
1086 3886 1197 3937 rorata,
1220 3880 1291 3940 quoe

211 3961 272 4014 iure
288 3965 395 4015 cestrae
409 3965 473 4015 sunt
488 3962 569 4028 (euer
585 3953 787 4034 Eigcntbum)‚
813 3961 864 4015 sed
886 3960 959 4016 vobis
983 3965 1110 4027 ereptae,
1139 3954 1185 4010 vel
1210 3953 1290 4006 mne-

212 4057 262 4098 rae
287 4045 451 4100 condicionis
468 4051 584 4102 uestrae.
606 4045 678 4101 illud
697 4044 721 4100 si
742 4042 908 4112 admiseris,
923 4043 1041 4098 nanae
1058 4045 1101 4094 est
1117 4040 1163 4106 ita,
1182 4039 1230 4109 qni
1242 4049 1290 4092 eas

206 4129 411 4202 pertenentem
433 4129 590 4200 possident;
615 4129 669 4187 hoc
698 4129 721 4184 si
743 4131 860 4199 probas,
883 4129 912 4182 in
935 4126 1029 4181 dativo
1053 4123 1125 4180 haec
1151 4121 1290 4178 sententia
1355 4140 1360 4144 ·
1408 4163 1412 4174 .

211 4215 298 4272 inest:
312 4214 359 4282 iis,
372 4217 420 4286 qui
427 4229 483 4286 per
496 4216 625 4270 intantum
639 4219 746 4269 uestras
757 4228 804 4268 res
818 4215 934 4268 moerus
950 4210 1110 4282 effecerunt.

297 4305 322 4366 S·
340 4305 384 4360 m.
401 4299 543 4358 Cauendus
556 4300 634 4356 dolus
649 4299 701 4367 cst)
724 4298 763 4354 Ita
778 4305 869 4352 exstat
885 4299 912 4352 ln
928 4297 991 4352 Vat.
1010 4300 1035 4352 1.
1050 4293 1158 4376 Balliol.
1174 4297 1200 4346 et
1215 4285 1296 4362 apud·
