3098 4970
442 389 692 454 HISTORIARUM
712 391 944 454 FRAGMENTA.
980 397 1045 454 LIB.
1066 399 1084 454 l.
1268 391 1310 482 73

222 579 384 650 scelerum
401 579 602 653 conscientia
625 584 800 676 exagitati,
822 583 941 678 quibus
965 586 1059 677 quies
1080 585 1113 656 in
1132 587 1316 657 seditioni*

222 707 302 791 bus,
323 707 355 776 in
377 729 459 797 pace
481 707 597 778 turbae
620 713 714 798 sunl;
742 709 773 780 hi
796 711 970 782 tumultum
993 734 1035 782 ex
1055 713 1213 798 tumultu,
1236 713 1311 782 bel-

225 830 292 900 lum
312 855 356 902 ex
379 831 465 902 bello
489 833 619 914 serunt,
645 829 811 902 Saturnini
841 834 936 922 olim,
967 843 1044 930 pest
1074 837 1213 930 Sulpici,
1237 838 1312 908 dein

196 957 307 1026 anan
343 954 615 1056 Damasippique,
652 977 739 1026 nune
768 959 883 1050 Lepidi
917 963 1084 1036 satellites.
1138 963 1313 1034 Praeterea

224 1080 359 1160 Etruria
380 1087 479 1181 atque
506 1104 621 1158 omnes
651 1081 809 1180 reliquiae
835 1085 911 1156 belli
938 1089 1101 1175 arrectae3
1131 1087 1310 1182 Hispaniae

225 1329 336 1382 citatam
353 1325 529 1382 uastabat.
552 1325 620 1382 ibid.
643 1343 668 1380 o.
685 1325 759 1392 XIV,
774 1331 801 1384 3.
843 1326 956 1394 Onnes,
973 1340 1040 1397 quas
1055 1355 1097 1366 -
1112 1333 1238 1386 censeas
1250 1335 1311 1387 eai-

225 1426 286 1466 mes
300 1411 467 1482 eeaeitebet.
484 1439 525 1460 -.
548 1407 656 1476 Quies.
674 1411 703 1462 in
722 1411 897 1466 immundus
920 1415 963 1464 est
980 1411 1122 1480 scelestis,
1150 1415 1222 1485 quia·
1237 1417 1312 1472 nulla
1337 1447 1339 1452 ·

227 1495 297 1566 ipsis
312 1512 404 1566 poena
418 1493 569 1552 metuenda
585 1498 644 1560 est,
668 1494 714 1548 ubi
731 1496 825 1550 omnia
842 1495 1083 1572 turbarumlplena
1100 1505 1172 1554 sunt.
1209 1499 1313 1556 lisdem

226 1582 256 1635 in
265 1596 340 1652 pace
358 1580 487 1636 turbae
508 1593 568 1636 esse
591 1577 735 1646 dicuntur,
755 1582 822 1649 quie
838 1586 894 1636 tum
909 1578 1021 1636 iudiciis
1039 1584 1134 1639 vexati
1150 1601 1183 1639 ac
1203 1585 1313 1656 legibus

227 1666 340 1721 coerciti
355 1666 458 1737 pariter
475 1665 503 1720 in
519 1665 656 1736 angustiis
673 1671 836 1733 versantur,
856 1665 965 1722 utboni
986 1665 1080 1732 cives,
1096 1669 1210 1738 quando
1225 1671 1314 1726 turbis

226 1767 259 1806 ac
275 1751 461 1808 seditionibus
480 1750 639 1821 respublica
662 1751 792 1820 agitatur.
816 1779 858 1790 -
893 1749 937 1806 Ad
959 1751 1048 1806 verba
1071 1751 1167 1810 bellum
1189 1770 1227 1812 eae
1247 1755 1316 1812 belle

225 1841 355 1892 seruat
373 1836 428 1892 iam
446 1834 554 1892 Cortius
574 1834 816 1906 contulitFragm.
833 1837 1003 1904 1V‚,19‚ne.
1048 1835 1171 1894 Romani
1189 1838 1258 1896 belle
1277 1855 1315 1896 ee

225 1918 672 1992 baiiisserendemapeisacti.
717 1920 777 1974 Liv.
794 1919 874 1987 XXI,
899 1924 989 1988 10,AE
1034 1920 1066 1976 Si
1084 1938 1122 1979 ex
1144 1925 1220 1982 bellis
1245 1924 1315 1988 belle
1404 1967 1410 1974 .

225 2007 377 2062 serendo
391 2007 550 2062 succinctus
568 2007 655 2060 armis
672 2003 873 2077 temerariusque
888 2008 967 2062 viaet.
1002 2005 1067 2073 XL,
1082 2011 1131 2077 48,
1149 2017 1176 2070 2.
1208 2006 1245 2064 In
1256 2011 1315 2066 alies

225 2093 332 2148 maiora
343 2093 496 2148 ceramina
510 2090 664 2146 serebat.
679 2119 722 2136 ψ
742 2088 924 2146 Saturninum
944 2107 1006 2146 eum
1029 2095 1130 2149 ceteris
1153 2092 1314 2166 aPhilippu

225 2177 375 2232 nominatis
394 2177 548 2231 acerrimos
564 2176 698 2247 nobilium
709 2174 898 2232 adversarios
913 2175 1000 2232 tuisse
1016 2192 1049 2230 ae
1065 2193 1117 2248 pro
1133 2177 1316 2234 immoderata

174 2271 180 2276 ·’
221 2263 317 2336 'plebis
331 2262 455 2332 potentia
469 2275 629 2332 pugnasse,
646 2258 714 2315 satis
730 2264 825 2314 neuun
841 2266 900 2328 est;
917 2260 952 2314 de
962 2259 1114 2317 Saturnino
1130 2264 1193 2334 ipso
1207 2279 1236 2318 v.
1255 2264 1323 2334 Ap-'

225 2348 302 2418 plan.
324 2346 360 2406 de
377 2347 411 2402 Β.
427 2344 456 2402 C.
473 2345 498 2414 l,
514 2348 634 2404 28-32.
659 2343 799 2402 Plutarch.
816 2343 843 2400 in
858 2346 948 2400 Mario
967 2363 991 2400 e.
1006 2349 1040 2404 28
1056 2363 1097 2418 sq.
1122 2347 1177 2404 Cic.
1192 2348 1221 2402 in
1238 2347 1315 2404 Catil.

225 2433 279 2500 lV,
294 2438 327 2500 2,
342 2435 369 2490 4.
391 2431 485 2487 Valer.
503 2431 581 2486 llllax.
596 2430 648 2498 ΙΙΙ,
663 2435 696 2498 2,
712 2435 754 2490 18.
777 2430 833 2498 VI,
849 2435 881 2498 3,
899 2437 923 2488 1.
951 2429 987 2484 de
1013 2430 1075 2487 eins
1098 2431 1210 2490 dicendi
1230 2434 1317 2491 lacul·
1409 2483 1420 2504 ,

226 2521 280 2572 tate
296 2536 326 2574 v·
343 2515 400 2572 Cic.
417 2517 494 2572 Brut.
511 2533 535 2572 e.
551 2520 601 2583 62,
617 2519 678 2576 224.
694 2541 737 2558 --
762 2515 803 2570 De
820 2514 945 2587 Sulpicio
963 2516 997 2572 et.
1014 2515 1109 2573 Valer.
1127 2519 1204 2576 Max.
1219 2519 1273 2586 Vl,
1290 2526 1315 2588 5,

142 2626 143 2630 ¹
226 2603 251 2658 7.
274 2601 307 2658 L.
322 2601 399 2658 Sallu
415 2600 568 2674 Sulpicium
580 2599 688 2672 Rasum
697 2601 839 2672 perditam
854 2602 950 2668 valuit,
974 2601 1172 2660 tribunicio
1184 2602 1317 2675 surore

227 2689 304 2742 eius
326 2689 404 2742 sine
423 2688 494 2742 ulle
513 2686 591 2758 fine
613 2690 772 2742 vexatus.
816 2686 884 2742 Eiu's
905 2703 981 2742 mors
997 2686 1080 2744 etiam
1095 2693 1263 2744 memoratur
1282 2692 1317 2744 ab

226 2771 308 2827 Auel.
326 2771 363 2826 ad
378 2771 499 2826 Herenn.
516 2771 542 2837 l,
569 2776 619 2838 15,
637 2776 699 2838 25.;
720 2771 805 2827 valde
824 2774 1000 2842 eloquentem
1027 2773 1115 2830 luisse
1143 2778 1257 2829 metatur
1274 2773 1317 2828 Ci-

228 2873 293 2912 cero
310 2857 338 2910 in
353 2857 439 2910 Bruto
455 2874 481 2910 c.
498 2860 547 2922 55,
557 2857 629 2913 *203-
653 2854 689 2922 de
702 2854 757 2910 eff.
776 2856 813 2922 ΙΙ,
829 2859 877 2921 14,
890 2859 934 2912 49.
953 2860 983 2909 'et
997 2859 1187 2930 compluribus
1203 2859 1231 2913 in
1246 2859 1316 2914 libro

229 2939 263 2994 de
280 2939 395 2995 Oratore
411 2940 490 2996 loeis.
507 2939 544 2994 et.
560 2938 680 2994 Ellendt.
698 2939 769 2992 Hist.
784 2940 858 3008 eloq.
877 2955 946 2994 rom.
960 2944 985 3004 s.
1002 2945 1046 3000 29.
1063 2960 1090 3014 p.
1108 2947 1143 3002 78
1158 2959 1202 3013 sq.
1221 2943 1267 2998 ed.
1283 2944 1317 2998 ΙΙ.

227 3025 268 3078 De
296 3023 472 3096 Damasippo
499 3024 554 3078 iam
581 3022 750 3078 dictumest
774 3021 811 3077 ad
838 3019 918 3076 Catil.
951 3041 977 3094 e.
1003 3024 1050 3092 Ll,
1080 3031 1125 3085 32.
1170 3029 1318 3082 Praeterea

228 3111 264 3164 cl.
277 3109 403 3181 Appiau.
426 3108 462 3164 de
474 3109 509 3164 Β.
525 3106 555 3164 C.
572 3109 601 3175 l,
618 3110 662 3166 88.
687 3124 751 3162 eum
768 3107 946 3162 annotatione
969 3106 1235 3181 Schweighaeuseri
1252 3112 1317 3164 Vol.

227 3195 273 3250 ΙΙΙ.
286 3213 314 3267 p.
331 3198 392 3256 716.
416 3195 498 3251 Oros.
513 3193 549 3261 V,
560 3199 604 3252 20.
626 3190 682 3252 Cic.
699 3192 770 3264 Epp.
787 3191 826 3248 ad
836 3191 935 3248 Famil.
951 3191 1003 3264 IX,
1020 3198 1069 3262 21,
1086 3197 1111 3252 7.

313 3283 338 3345 §-
354 3285 380 3338 8.
397 3281 531 3352 reliquiae
545 3277 618 3345 belli)
649 3277 853 3351 Intelligendae
869 3276 999 3332 videntur
1014 3280 1151 3352 reliquiae
1170 3280 1234 3336 belli
1249 3281 1318 3336 eivi-

141 3367 143 3372 ’
169 3433 171 3438 ,
227 3367 262 3422 lis
278 3363 395 3432 Sullani.
433 3364 568 3420 derectae
588 3363 607 3418 i.
623 3379 648 3416 e.
670 3368 743 3420 metu
759 3365 878 3436 epitetae
893 3367 919 3418 et
935 3365 1075 3420 occanere*
1091 3364 1130 3420 ad
1149 3364 1254 3438 eb'qtcid
1269 3381 1316 3438 pe-

228 3448 345 3506 randum
368 3451 501 3512 intentae·
529 3449 565 3502 et.
585 3447 627 3516 ¹ad
650 3446 728 3504 Catil.
747 3466 773 3503 c.
795 3446 921 3512 XXXIX
939 3452 966 3506 3.
993 3465 1022 3520 p.
1043 3453 1094 3510 183
1119 3467 1162 3522 sq.
1190 3481 1233 3490 —-
1264 3453 1318 3506 Pro

227 3535 375 3602 sollicitae,
405 3532 482 3603 quod
501 3538 545 3588 est
564 3533 592 3586 in
608 3533 673 3588 Vat.
689 3539 713 3591 1.
729 3539 756 3592 Ι.
775 3531 928 3602 elciaco,
952 3534 1016 3589 Vat.
1033 3539 1060 3594 3.
1084 3540 1112 3590 et
1129 3533 1194 3590 edd.
1215 3537 1319 3609 antiqq.

229 3621 334 3677 habent
349 3619 525 3679 sollicitatam
545 3617 598 3672 sed
611 3634 695 3687 quum
712 3617 882 3674 adiectivum
898 3635 1019 3689 quoque,
1042 3620 1107 3675 lieet
1122 3621 1222 3688 rarius,
1245 3621 1319 3678 idem

231 3703 387 3778 significet,
410 3708 493 3773 atque
514 3702 682 3772 eaaqitatas,
709 3703 752 3770 (v.
767 3702 917 3760 Forcellini
932 3705 999 3758 Lex.
1019 3703 1049 3758 h.
1064 3705 1109 3773 v.)
1131 3721 1187 3762 non
1209 3713 1253 3762 est
1270 3725 1321 3764 eur
1439 3721 1449 3734 ¹

230 3792 378 3862 vulgarem
397 3787 514 3853 termam
531 3785 734 3864 praeferamus.
767 3787 895 3844 Ceterum
908 3787 1100 3846 Sertorianum
1116 3792 1218 3854 bellum
1234 3793 1321 3864 signi·

230 3863 309 3930 ficari
332 3875 446 3945 planum
464 3877 517 3926 est.
538 3868 640 3926 -In
660 3870 745 3928 latere
766 3872 1002 3946 propinquitatem
1023 3873 1171 3946 designat3
1198 3877 1235 3931 cl.
1259 3877 1319 3948 lug.

231 3959 306 4028 XIV,
322 3965 365 4018 lo.
387 3954 487 4012 Hostes
508 3954 549 4010 ab
570 3956 699 4024 latere,
719 3971 766 4014 eos
780 3959 864 4022 amici
879 3958 1025 4028 procul,
1045 3973 1111 4030 spes
1124 3963 1212 4016 earnis
1227 3962 1256 4016 in
1270 3979 1320 4016 ar-

231 4046 283 4098 mis
297 4050 367 4098 erat.
388 4069 430 4086 -.
462 4041 541 4096 Diem
562 4042 727 4112 praegnanti
751 4058 835 4098 sensu
859 4047 901 4096 est
922 4043 1091 4099 commodum
1112 4044 1199 4107 diem;
1219 4044 1321 4102 eodem

232 4127 316 4182 modo
340 4131 490 4198 usurpatur
512 4127 596 4182 etiam
619 4129 738 4198 tempas,
766 4143 795 4182 v.
819 4127 857 4182 ad
880 4127 940 4198 lug.
964 4127 1239 4196 c.Lxx1X„7.-
1266 4131 1320 4184 Pro

231 4212 298 4268 nilril
319 4207 422 4268 abest
442 4227 512 4266 eave
536 4209 637 4267 credas
660 4211 743 4265 etiam
765 4211 820 4268 dici
846 4212 972 4285 potuisse
992 4211 1193 4288 nilrilfldeest,
1216 4215 1321 4285 quippe

232 4314 286 4370 quo
308 4297 453 4369 Philippus
477 4295 649 4370 signiticaret
670 4295 722 4352 sibi
744 4295 836 4353 videri
860 4299 997 4374 subverso
1020 4298 1139 4370 imperio
1160 4313 1230 4371 opas
1251 4312 1320 4354 esse.
1385 4339 1388 4346 .
