3062 4958
428 408 676 467 HISTORIARUM
697 409 932 467 FRAGMENTA.
975 411 1041 468 LlB.
1065 411 1113 466 lV.
1221 402 1285 468 315

179 623 182 628 ’
203 601 341 692 ereptis,
368 619 466 668 usum
493 595 582 668 dedit
608 597 691 668 bene
709 596 885 683 suadendi,
909 600 959 684 ei,
984 598 1073 692 quod
1091 597 1285 666 florentibus

204 725 347 817 optabile
368 726 436 808 est,
459 745 527 816 ego
554 745 620 794 non
647 723 883 794 validissumus
913 723 1056 814 praebeo
1087 719 1285 814 exemplum,

175 871 272 946 equo
295 851 415 920 rectius
434 852 492 920 lua
510 871 700 942 componas.
738 851 886 943 Namque
903 847 1062 918 Romanis
1080 869 1155 918 cunr
1175 847 1286 918 natio-

206 979 320 1061 nibus,
343 975 494 1068 populis,
523 976 660 1069 regibus
682 976 809 1046 cunctis
832 996 899 1044 una
918 977 950 1043 et
976 995 1017 1042 ea
1040 977 1138 1043 vetus
1165 996 1287 1044 caussa

205 1101 346 1174 bellandi
369 1104 436 1186 est,
458 1100 577 1192 cupido
598 1101 764 1192 protunda
781 1098 895 1190 imperi
919 1103 951 1168 et
973 1097 1169 1169 divitiarum.
1212 1098 1288 1183 Qua

205 1229 310 1322 primo
335 1249 408 1298 cum
431 1249 513 1320 rege
535 1225 750 1296 Macedonum
773 1225 927 1316 Philippo
956 1223 1078 1294 bellum
1104 1246 1287 1315 sumpsere.

208 1421 340 1513 Τιγράνῃ
362 1417 456 1508 ὀργὴν
477 1419 541 1506 εἶχε.
568 1460 605 1471 -
638 1429 711 1486 Vero
733 1433 909 1500 existumare,
935 1431 954 1485 i.
977 1447 1003 1486 e.
1019 1445 1137 1486 exuero
1153 1427 1289 1486 iudicare.

208 1523 280 1578 Ante
300 1518 422 1574 Cortium
439 1534 475 1571 ex
489 1516 703 1588 interpolatione
719 1516 864 1588 legebatur
879 1521 1046 1571 aestumare.

291 1609 316 1670 S.
333 1607 359 1660 t.
376 1603 523 1670 obnoxius)
547 1601 681 1657 Absolute
703 1602 797 1672 posito
819 1600 874 1656 hoo
895 1600 1035 1656 vocabulo
1050 1597 1226 1672 significatur
1242 1600 1291 1655 ali-

208 1693 287 1763 quis,
310 1689 357 1760 qui
373 1704 428 1741 non
447 1692 489 1742 est
504 1688 532 1741 in
548 1703 600 1742 sua
615 1691 768 1757 potestate,
789 1684 840 1740 sed
859 1703 895 1740 ex
914 1687 1007 1740 aliena
1031 1687 1172 1740 voluntate
1195 1687 1242 1739 vel
1257 1703 1292 1740 ex

208 1777 302 1846 aliqua
317 1773 486 1829 necessitate
502 1771 623 1843 pendet;
646 1769 800 1826 vernaculi
812 1769 970 1843 petuntur,
992 1772 1021 1825 iu
1042 1768 1240 1842 Vertepealreit.
1255 1772 1291 1830 cl.

210 1863 281 1916 Intra
303 1865 329 1924 s.
353 1863 395 1917 13.
428 1856 555 1912 umnam
576 1857 639 1912 otiis
661 1856 836 1911 obnoxiis
857 1871 958 1912 merear
976 1864 1066 1911 amen
1091 1855 1189 1910 bellum
1205 1857 1292 1927 coepi.

208 1949 268 2018 lug.
284 1943 384 2010 XXXI,
400 1947 427 2000 3.
454 1941 496 1997 Ne
510 1957 585 1997 nunc
601 1942 723 2014 quidem,
744 1941 912 1996 obnoxiis
934 1943 1106 2010 inimicis,
1128 1943 1293 2012 excerpitis,-

209 2031 256 2086 ubi
277 2029 368 2085 Faber
384 2027 499 2082 contulit
521 2027 582 2081 Liv.
597 2025 695 2096 XXIII,
712 2032 755 2095 la,
769 2029 798 2085 9.
831 2024 863 2080 Si
874 2027 1018 2094 reticeam,
1035 2031 1084 2082 out
1096 2025 1232 2098 superbas
1246 2035 1294 2082 out

209 2116 388 2171 obnoxius
405 2113 508 2182 uidem,
523 2128 640 2184 pomum
651 2113 769 2167 alterum
786 2110 956 2166 caticuminis
972 2113 1080 2166 oiieuoe
1101 2111 1232 2166 libertatis
1246 2111 1294 2166 otr-

209 2203 255 2270 titt,
272 2186 390 2254 alterum
404 2212 480 2253 sitae.
496 2195 584 2252 Tacit.
595 2197 665 2251 Hist.
680 2197 713 2264 ΙΙ,
729 2199 774 2255 56.
794 2194 932 2251 obnoxi
937 2197 948 2250 i
953 2210 968 2251 s
983 2195 1096 2251 ducibus
1111 2194 1294 2266 etprohibere

209 2301 264 2342 nou
281 2285 366 2339 ausis.
380 2307 423 2320 -
445 2281 559 2350 motem
581 2281 705 2350 tuuoies
724 2283 878 2336 societatem
899 2283 1028 2353 accipiet,
1049 2282 1068 2335 i.
1089 2297 1115 2334 e.
1132 2281 1295 2336 societatem

211 2371 290 2426 inibit
306 2385 341 2424 ee
356 2366 533 2435 condicione,
548 2373 578 2421 ut
598 2366 645 2422 tibi
660 2366 893 2437 Mesopotamiam
909 2371 936 2420 et
951 2366 1121 2422 Adiabenen
1137 2364 1235 2434 cedat3
1259 2367 1294 2420 cl.

210 2457 363 2512 Drumann.
379 2454 447 2509 illst.
464 2451 545 2507 ltom.
563 2453 629 2506 Vol.
640 2451 691 2505 IV.
705 2467 736 2523 p.
754 2456 813 2510 151.
830 2458 886 2507 not.
903 2457 956 2521 56,
976 2469 1008 2508 ac
1026 2468 1054 2506 v.
1070 2467 1157 2522 supra
1172 2450 1200 2504 ln
1214 2467 1297 2522 prae·

211 2541 323 2596 monitis
346 2538 383 2594 ad
400 2537 428 2593 h.
445 2537 491 2592 Fr.
507 2567 549 2576 -
576 2537 667 2605 Usum,
683 2538 701 2591 i.
718 2553 744 2592 e.
760 2539 974 2608 experientiam,
993 2537 1070 2605 sive,
1086 2543 1116 2591 ut
1132 2535 1241 2592 Curtius
1256 2536 1296 2590 in-

212 2631 392 2698 terpretatur,
413 2623 533 2678 habitam
554 2638 592 2678 ea
612 2623 894 2694 muitoeaperieutio.
910 2653 952 2664 -
973 2621 1034 2676 Noa
1049 2623 1230 2677 calidissimus
1245 2637 1297 2693 per

212 2711 436 2782 euphemismum
452 2709 512 2763 sive
528 2709 622 2780 potius
641 2702 743 2762 callida
759 2707 982 2764 dissimulatione
1001 2706 1104 2762 dictum
1121 2724 1171 2779 pro
1185 2705 1297 2780 fractus

210 2797 357 2868 opibusque
373 2799 482 2854 cautus.

297 2883 323 2943 §-
339 2884 364 2935 5.
394 2883 420 2931 ct
440 2891 473 2932 eo
497 2875 584 2942 aetus)
610 2891 638 2928 v.
661 2874 698 2929 ad
713 2875 758 2929 Fr.
777 2875 823 2943 lll,
839 2884 863 2944 1,
880 2882 908 2933 5.
929 2905 972 2916 --
992 2875 1096 2948 Cupido
1105 2877 1297 2948 profundo

213 2970 258 3019 est
270 2963 443 3030 insatiabilis,
466 2959 650 3030 inexplebilis,
670 2962 818 3027 immenso,
840 2977 895 3032 quo
919 2977 1005 3016 sensu
1024 2961 1154 3016 Germani
1171 2961 1298 3018 bodentos

214 3049 325 3117 dicunt;
349 3048 385 3102 cl.
402 3047 461 3118 lug.
482 3062 508 3101 c.
530 3043 642 3098 LXXXI
656 3051 680 3104 1.
704 3045 846 3100 Romanos
860 3047 981 3114 mactas,
997 3045 1193 3118 profundo
1214 3063 1298 3101 ova-

213 3136 246 3190 ri
252 3135 316 3203 tio,
337 3131 487 3188 commuar's
506 3130 625 3190 omitum
645 3129 729 3186 bostis
749 3145 818 3186 esse.
835 3159 877 3168 —-
895 3128 956 3196 Quo
971 3146 1091 3186 caussae
1105 3137 1242 3201 potestate
1258 3131 1299 3186 di-

214 3225 296 3288 ctum,
313 3225 343 3274 ut
357 3219 403 3272 Fr.
419 3217 463 3284 Ill,
475 3219 519 3284 81,
534 3219 589 3283 aa,
604 3217 715 3287 plenius
739 3221 782 3270 est
803 3233 858 3287 quo
875 3216 988 3270 incitasti.
1008 3245 1050 3253 --
1071 3215 1167 3272 Primo
1182 3219 1299 3287 praebet

213 3305 278 3360 vat.
296 3311 320 3362 1.
336 3309 362 3363 2.
395 3301 534 3370 Primum,
558 3304 587 3355 ut
608 3301 695 3374 vulgo
712 3300 817 3368 editur,
840 3301 941 3356 salsum
957 3317 1022 3357 esse
1038 3301 1093 3356 iam
1110 3318 1146 3356 ex
1162 3318 1196 3356 eo
1212 3308 1297 3372 patet,

214 3389 290 3460 quod
304 3390 329 3452 S.
347 3393 373 3447 6.
388 3404 454 3442 mox
469 3386 629 3454 subiicitur;
646 3389 740 3458 primo
762 3386 835 3441 enim
856 3388 969 3458 ponitur
983 3385 1018 3441 de
1039 3403 1084 3455 re,
1111 3403 1183 3458 quae
1197 3393 1298 3458 postea

213 3475 260 3528 vel
275 3490 331 3528 non
350 3473 516 3539 continuata,
533 3472 580 3525 vel
595 3477 700 3526 mutata
716 3477 767 3539 est,
782 3477 812 3525 ut
826 3477 900 3528 recte
916 3472 1053 3544 praeprit
1076 3471 1237 3528 Dietschius
1262 3473 1299 3529 ad

213 3561 275 3630 lug.
291 3557 391 3626 XXIX,
414 3563 440 3616 3.
455 3574 484 3628 p.
499 3561 559 3615 105.
580 3585 623 3595 -
641 3555 749 3612 Bellum
768 3571 906 3613 sumere
922 3563 964 3613 est
984 3559 1124 3629 inciperc5
1144 3558 1181 3612 cI.
1196 3558 1255 3630 lug.
1272 3575 1298 3614 c.

213 3643 274 3713 XX,
287 3650 314 3702 5.
340 3643 426 3698 Prius
441 3644 532 3697 omnio
541 3643 605 3713 poti
619 3642 751 3712 demerit,
766 3659 848 3713 quom
863 3642 987 3699 bellum
1004 3658 1076 3698 sum
1086 3657 1152 3701 ere.
1175 3643 1202 3700 ib
1217 3643 1298 3713 LXII,

213 3733 240 3788 9.
262 3727 407 3795 LXXXIII,
428 3734 455 3785 1.
484 3725 592 3781 Eodem
612 3727 698 3782 modo
722 3728 768 3782 Fr.
790 3727 837 3797 IV,
860 3729 906 3795 tt,
922 3735 964 3786 10.
984 3727 1084 3783 dicitur
1099 3731 1238 3800 proelium
1253 3744 1300 3784 cu-

212 3829 298 3871 mere.
331 3812 502 3870 Contrarium
519 3818 562 3866 est
570 3827 679 3883 ponere
694 3813 802 3883 bellom,
824 3812 858 3868 de
880 3830 935 3885 quo
952 3831 981 3870 v.
1000 3813 1037 3870 ad
1052 3814 1112 3886 lug.
1132 3831 1157 3868 c.
1175 3812 1256 3869 CXII.
1272 3819 1298 3872 l.

275 3905 322 3966 ·§.
347 3904 374 3960 6.
402 3898 475 3954 Dum
495 3915 513 3952 o
539 3895 808 3969 Cortbopiuiensibta
828 3899 1043 3971 premebuntur)
1082 3899 1116 3953 Et
1131 3905 1257 3970 tempora
1272 3904 1299 3954 et

213 4003 353 4058 personas
374 3991 401 4040 et
420 3999 466 4039 res
481 3981 526 4038 hic
545 3981 692 4038 contundit
708 3983 768 4037 sive
784 3983 959 4040 Mithridates
977 3985 1038 4041 sive
1057 3983 1206 4040 Sallustius
1224 3985 1298 4055 ipse.

214 4062 312 4144 Neque
336 4071 410 4125 enirn
429 4069 546 4124 durante
571 4067 664 4123 adhuc
684 4069 757 4123 bello
780 4070 884 4124 Punico
908 4068 1035 4125 secundo
1057 4067 1191 4126 Romanis
1219 4069 1298 4141 quid-

215 4172 296 4228 quam
313 4157 417 4228 negotii
433 4159 481 4209 aut
495 4153 617 4208 amicitia
634 4170 697 4210 cum
711 4154 851 4209 Antiocho
868 4154 932 4226 luit,
954 4170 1045 4225 neque
1060 4154 1106 4213 ille
1123 4169 1157 4210 eo
1173 4161 1297 4226 tempure

213 4240 341 4313 Philippo
366 4240 518 4297 subvenire
541 4239 668 4311 paravit,
689 4255 779 4310 neque
803 4241 989 4296 concessione
1010 4239 1097 4295 Asiae
1119 4242 1153 4296 ab
1176 4256 1210 4294 eo
1234 4255 1300 4296 cou-

214 4326 276 4380 silio
297 4341 416 4382 aversus
440 4331 491 4381 est.
525 4323 583 4381 Sed
604 4341 688 4396 quum
710 4324 810 4394 Attali,
829 4327 996 4398 Pergameni
1013 4326 1105 4398 regis,
1124 4341 1240 4398 regnum
1256 4328 1298 4395 (a.
