3098 4970
468 401 715 462 HISTORlARUbl
735 401 970 460 FRAGMENTA.
1015 399 1081 456 LIB.
1105 399 1126 456 Ι.
1298 389 1341 459 83

254 589 383 682 penatis
405 610 523 662 manus
545 610 682 661 armare
724 586 783 658 Sin
812 587 947 660 libertas
970 588 1003 656 et
1023 607 1105 658 vera
1129 585 1239 679 magis
1264 585 1342 676 pla·

255 713 529 800 contomnitis
552 715 655 806 digna
682 693 830 799 nomine,
860 716 894 784 el
919 715 1042 806 augete
1066 710 1235 804 ingenium
1259 710 1341 782 viris

210 840 404 912 trionibus.
447 839 554 910 Adest
576 859 686 910 novus
713 837 895 924 exercitus,
921 839 964 912 ad
986 837 1051 910 boc
1071 835 1221 909 coloniae
1243 837 1341 905 vete·

171 1027 176 1036 ,
206 983 211 988 ·
253 987 326 1036 rum
339 967 493 1050 rnilitum,
516 962 670 1034 nobilitas
688 962 813 1048 curnis,
832 962 935 1034 duces
957 961 1101 1055 optumi3
1118 962 1251 1032 fortuna
1265 979 1340 1030 me-

253 1089 353 1160 liores
381 1089 539 1182 sequitur.
576 1087 642 1157 lam
668 1086 741 1171 illa,
772 1107 857 1181 quae
883 1087 1037 1158 socordia
1066 1088 1181 1156 nostra
1203 1085 1341 1156 collecta

201 1196 345 1299 'uusunb
380 1213 574 1284 dilabantur.
631 1211 740 1296 Quare
769 1211 814 1282 ita
845 1233 983 1284 censeo:
1012 1209 1165 1308 quoniam
1194 1205 1341 1302 Lepidus

250 1435 317 1489 gum
332 1419 381 1473 illo
397 1425 523 1489 ternpore
540 1417 568 1472 in
583 1417 719 1487 Hispania
736 1416 839 1483 luisse,
862 1421 934 1470 teste
950 1414 1085 1472 Cicerone
1107 1430 1136 1488 p.
1152 1415 1231 1474 Sulla
1252 1432 1277 1470 c·
1296 1419 1340 1483 25,

250 1504 292 1560 to.
313 1532 356 1542 -—
381 1503 468 1575 Atque
490 1504 527 1557 al
533 1504 543 1558 i
550 1519 568 1556 a
587 1501 763 1573 proditorum
774 1501 933 1572 patrocinio
947 1500 1092 1570 Philippus
1106 1499 1185 1556 houd
1202 1499 1285 1556 dubie
1301 1501 1340 1554 ita
1368 1499 1376 1510 ⁵

249 1587 419 1665 intellectum
435 1589 539 1654 voluit,
563 1587 643 1658 quasi
660 1586 780 1641 dixisset
795 1589 877 1656 utque
890 1585 1045 1642 aliorum
1056 1601 1107 1656 pr.
1118 1590 1197 1656 potr.
1206 1607 1215 1648 ,·
1237 1583 1289 1639 sed
1304 1599 1339 1638 ne

248 1671 331 1728 nimis
348 1679 486 1745 pungeret
506 1677 647 1744 potentem
663 1669 834 1742 Cethegum,
856 1669 912 1724 ulia
927 1685 984 1724 non
1007 1668 1044 1726 ad
1059 1684 1212 1742 personam
1237 1669 1338 1736 retulit,

249 1763 278 1812 ut
292 1773 412 1829 poscere
427 1757 575 1814 videbatur
589 1756 716 1812 instituta
737 1753 871 1812 orationis
887 1754 992 1823 torma,
1014 1754 1066 1810 sed
1083 1753 1120 1810 ad
1135 1753 1338 1826 praedicatum,

249 1844 359 1913 utrique
380 1859 522 1916 personae
546 1858 706 1898 commune.
734 1837 919 1896 --Penatis
939 1845 983 1896 est
1004 1841 1035 1896 in
1049 1841 1115 1896 Vat.
1133 1845 1158 1900 1·
1172 1846 1219 1909 2.;
1250 1840 1338 1910 vulgo

248 1925 339 1983 editur
355 1935 482 2000 petates.
513 1957 555 1968 --
583 1925 687 1984 Merme
702 1939 816 1982 armare
837 1926 860 1982 i.
877 1941 903 1980 e.
921 1940 999 1980 arma
1015 1940 1143 1996 sumere;
1172 1941 1200 1982 v.
1223 1922 1261 1980 ad
1276 1923 1338 1996 lug.

248 2025 274 2066 c.
291 2010 372 2080 CVII,
392 2020 419 2072 1.
444 2042 481 2054 -
511 2011 600 2079 Vero,
622 2010 699 2083 quod
715 2027 814 2068 ornnes
829 2016 925 2066 teuent
940 2009 1034 2079 codd,
1053 2009 1194 2082 signifieat
1207 2023 1251 2080 ea,
1266 2023 1339 2081 prece

163 2162 168 2181 1
247 2110 294 2152 res
311 2099 374 2169 ipseo
396 2098 532 2172 monetat,
564 2111 638 2170 puae
656 2111 752 2151 rerum
776 2095 929 2152 condicioni
947 2111 982 2150 ac
1008 2101 1128 2152 mimae
1152 2099 1338 2152 consertam

247 2187 325 2244 auom
347 2183 385 2237 ol.
400 2183 513 2253 Frugm.
528 2179 573 2248 111,
584 2184 630 2248 82,
643 2185 686 2238 13.
703 2178 736 2234 sa·
746 2194 829 2236 ocra
842 2185 870 2234 et
882 2179 995 2235 horreolo
1005 2180 1139 2251 flupilium
1152 2180 1337 2251 superauerit.

246 2263 400 2334 lV‚19‚3.
424 2264 994 2336 Eo,puactcmorariposseoidcntw,
1016 2265 1337 2336 odoramentum

178 2390 179 2395 η
246 2349 334 2418 nobo,
355 2365 494 2408 -maaeume
514 2348 706 2406 bortabunnrr.
736 2365 766 2404 v.
786 2347 937 2406 Ruhnken.
958 2346 996 2405 ad
1012 2345 1077 2402 Ter.
1091 2346 1180 2403 Andr.
1202 2347 1251 2415 lV,
1268 2352 1293 2414 1,
1309 2352 1335 2404 5.

246 2433 368 2507 Herzog.
392 2434 430 2490 ad
446 2433 527 2490 Caes.
543 2434 576 2488 B.
593 2433 625 2489 G.
646 2433 735 2498 1118.
753 2433 878 2489 Gronov.
900 2437 927 2488 et
937 2432 1150 2491 Drakenborch.
1174 2430 1211 2486 ad
1224 2432 1286 2488 Liv.
1301 2431 1334 2500 ll,

245 2521 289 2587 48,
304 2525 332 2578 2.
362 2520 488 2576 Pessime
504 2520 588 2592 igitur
605 2518 633 2574 in
649 2519 790 2574 nonnullis
806 2516 873 2574 edd.
889 2533 941 2589 pro
957 2533 1023 2574 vera
1043 2519 1178 2590 seriptum
1197 2521 1241 2572 est
1255 2515 1334 2583 beda,

246 2604 291 2660 oui
307 2606 513 2677 interpolationi
530 2610 635 2660 temere
650 2603 841 2674 patrocinatur
855 2603 1088 2676 Havercampius.
1110 2631 1152 2642 -—
1179 2603 1233 2656 Pro
1252 2602 1334 2673 dipem
1395 2645 1400 2654 .

245 2692 382 2746 nomine
401 2689 567 2746 Gerlacbius
589 2689 617 2744 in
637 2688 684 2744 ed.
699 2689 768 2754 min.
784 2705 820 2744 ex
835 2689 899 2746 Vct.
910 2695 937 2747 1.
953 2695 980 2744 et
993 2693 1021 2748 2.
1043 2688 1155 2760 scripsit
1169 2687 1252 2760 dapem
1273 2703 1334 2742 no-

245 2775 343 2843 mini,
366 2775 443 2845 quod
459 2773 579 2830 Orellius
594 2773 692 2830 merito
710 2789 766 2830 uon
781 2773 921 2845 probavit.
951 2773 1023 2832 Nam
1039 2774 1086 2845 qui
1101 2771 1217 2830 affertur
1232 2772 1333 2828 unicus

246 2857 325 2915 locus
352 2858 439 2914 dativi
469 2875 532 2914 oum
560 2858 659 2929 11191123
685 2873 757 2914 voce
786 2858 928 2916 coniuncti
953 2859 1041 2916 Plaut.
1064 2859 1181 2914 Poenut·
1201 2858 1223 2926 l,
1245 2863 1273 2928 2,
1289 2859 1333 2918 44.

245 2940 326 2996 Diem
350 2943 461 3013 dipmem
479 2949 505 2996 et
525 2941 673 3008 celebrent,
701 2941 844 3010 dippum
871 2941 1001 2998 Veneri
1014 2944 1080 3014 pol,
1108 2959 1165 2998 non
1189 2959 1252 2998 eam
1275 2942 1333 2998 vim

246 3023 345 3094 habet,
375 3033 404 3081 ut
424 3025 538 3082 dativus
559 3024 696 3081 stabilitus
718 3024 811 3079 videri
832 3026 938 3095 possit,
964 3042 1049 3096 quum
1071 3029 1162 3086 minor
1182 3027 1333 3084 insolentia

246 3111 364 3178 existat,
386 3111 410 3166 si
432 3110 534 3167 Veneri
552 3125 603 3182 pro
622 3110 745 3168 ablativo
760 3108 887 3176 habeas,
908 3125 993 3180 quum
1009 3109 1143 3179 sormam,
1164 3111 1277 3182 vulgari
1292 3112 1333 3164 lo-

245 3195 349 3266 quendi
365 3213 419 3252 usu
433 3196 625 3252 excusabilem
640 3193 859 3264 (v.Scbneideri
872 3193 993 3250 Gramm.
1006 3195 1065 3252 Lat.
1078 3184 1151 3264 11,'1.
1163 3196 1330 3265 tumbam),

243 3286 328 3350 poeta
345 3282 426 3338 metri
440 3297 545 3356 caussa
560 3280 613 3336 sibi
626 3280 792 3352 permisisse
809 3277 931 3342 videtur.
954 3280 1107 3336 Praeterea
1122 3295 1207 3350 quum
1222 3296 1239 3336 a
1254 3280 1330 3336 nullo

244 3367 426 3434 grammatico
451 3367 506 3422 ista
530 3371 669 3422 structura
697 3372 800 3423 notata⁴
819 3366 869 3434 sit,
905 3365 1083 3420 librariorum
1107 3365 1202 3436 potius
1230 3365 1329 3432 errori,

244 3465 328 3518 quarn
344 3451 398 3521 ipsi
412 3448 545 3506 Sallustio
561 3449 708 3506 tribuenda
722 3441 845 3506 videtur.
881 3448 1008 3525 Ceterum
1026 3449 1109 3521 dopna
1127 3452 1269 3508 bomine
1286 3467 1327 3506 so.

242 3539 332 3590 vestro
347 3534 487 3606 significat
503 3541 550 3592 aut
565 3535 648 3606 dipno
663 3537 882 3592 auctoritate
896 3540 1004 3604 vestra,
1027 3540 1074 3590 aut
1089 3534 1171 3607 dr'pna
1187 3543 1329 3606 patrum

243 3619 346 3685 cord,
364 3620 466 3690 quippe
482 3635 553 3689 quos
569 3619 670 3676 deceat
681 3620 852 3691 reipublicae
863 3626 938 3696 recte
950 3621 1109 3676 consulere.
1126 3649 1164 3660 -
1183 3619 1328 3692 sumnum

243 3717 299 3756 non
319 3704 403 3773 plane
423 3705 443 3758 i.
459 3719 486 3758 e.
505 3703 582 3774 quod
602 3705 739 3775 comum,
768 3705 820 3774 sed
843 3704 975 3776 designat
992 3703 1180 3781 fortitudinem
1196 3713 1326 3768 notura

208 3852 212 3856 .
242 3788 331 3843 viris
348 3788 507 3850 incitam
536 3787 571 3842 ol.
587 3787 647 3859 lug.
662 3787 728 3857 Clll,
741 3795 767 3848 2.
784 3788 909 3861 Quoque
921 3789 1033 3862 delepit,
1051 3805 1169 3860 pacorum
1185 3791 1327 3862 inpendo

238 3872 416 3952 validissuma
437 3876 527 3928 mont.
564 3869 643 3930 Catil.
658 3872 719 3942 XX,
735 3880 778 3935 lt.
801 3873 852 3934 eoi
864 3875 941 3935 m'rdle
961 3875 1139 3946 inpendunt
1165 3877 1242 3932 ineat.
1272 3875 1327 3930 En-

193 3971 204 3993 *
241 3956 304 4012 nius
324 3956 400 4028 apud
421 3955 479 4014 Cic.
496 3955 532 4012 de
547 3954 623 4012 Orat.
639 3957 684 4025 111,
699 3962 743 4028 58,
761 3963 823 4020 218.
843 3957 929 4017 neno
947 3964 990 4014 est
1007 3964 1064 4014 mm
1081 3959 1164 4029 firmo
1184 3961 1326 4031 inpendo

242 4046 269 4096 et
284 4046 361 4098 tanta
376 4042 548 4113 confidentes.
578 4041 613 4096 Ut
627 4040 777 4100 Sallustius
793 4042 863 4100 dixit
877 4057 1010 4115 cupere
1023 4043 1176 4114 inponam,
1195 4044 1233 4100 ita
1248 4043 1325 4116 apud

241 4123 367 4185 Tacitum
381 4127 508 4199 Agricol.
524 4143 551 4182 c.
565 4129 592 4184 a
612 4127 751 4182 contrario
766 4127 851 4184 modo
869 4127 971 4199 legitur
985 4127 1094 4200 inpendo
1114 4131 1323 4201 opprimere.
1400 4137 1408 4148 ‘

325 4216 351 4279 §-
375 4217 510 4271 21--22
532 4209 630 4289 Adest)
652 4213 670 4268 i.
688 4227 714 4267 e.
734 4219 849 4284 praesto
870 4218 923 4267 est.
943 4241 986 4255 --
1009 4211 1050 4268 De
1070 4213 1100 4268 vi
1118 4216 1268 4270 verborum
1287 4213 1326 4268 ad

237 4293 290 4356 hoc
312 4313 341 4354 v.
363 4297 401 4354 ad
423 4295 503 4356 Catil.
518 4293 619 4366 xxm,
633 4301 662 4356 8.
683 4313 712 4368 p·
730 4300 788 4358 148.
815 4329 851 4338 -—
867 4288 870 4293 ¹
885 4297 1051 4354 Coloniae
1070 4303 1192 4356 veterum
1211 4299 1323 4356 militum

1072 4377 1119 4438 6*
1434 4375 1438 4381 ’
