3064 4966
205 302 269 368 392
550 308 580 365 C.
603 308 776 368 SALLUSTI
799 310 914 370 CRISPI

309 501 360 564 92.
402 491 557 564 Visuros.

309 625 361 688 93.
401 615 484 685 Duei
507 619 658 708 probare.

286 731 357 829 34.
400 739 474 810 Alis
493 740 569 810 alibi
591 744 716 812 stanles
732 763 846 812 omnes
866 743 975 810 umen
995 741 1149 812 advorsis
1167 742 1287 812 volne-

206 865 297 934 ribus
318 862 539 935 conciderunt.

207 1072 265 1125 tivo
287 1067 426 1124 interdum
448 1087 512 1126 oum
530 1074 622 1144 potior
644 1075 729 1130 verbo
753 1075 901 1130 coniuncto
920 1089 949 1128 v.
971 1077 1104 1128 annotata
1123 1073 1160 1128 ad
1184 1073 1243 1144 lug.
1261 1091 1286 1129 e.

206 1154 295 1222 XXV,
312 1160 353 1212 10.
369 1157 470 1225 p.153.
829 1213 832 1218 .

290 1237 336 1294 Fr.
353 1243 397 1298 92.
413 1235 511 1312 [Deest
526 1233 573 1310 ap.
591 1237 675 1308 Cori,
693 1240 767 1297 Gerl.
783 1241 829 1298 ed.
846 1240 923 1308 mai„
938 1240 1005 1296 min.
1022 1247 1049 1294 et
1060 1240 1154 1308 Deba]
1174 1240 1287 1308 Quintil.

206 1325 253 1394 IX,
270 1329 296 1390 3,
312 1328 355 1380 12.
371 1323 418 1394 qui
435 1322 598 1382 Sallustium
613 1325 818 1385 traditm'auros
834 1325 940 1382 dixisse
953 1339 1005 1396 pro
1020 1325 1212 1380 adsidendum
1226 1327 1288 1380 mu·

205 1425 260 1479 sos,
274 1423 373 1480 parum
388 1413 518 1464 accurate
535 1410 658 1465 mittendi
670 1410 812 1467 notionem
829 1411 922 1467 mttere
937 1411 1024 1464 verbo
1041 1410 1131 1464 interl.
1170 1410 1288 1464 Partiei-

206 1496 254 1566 pio
271 1493 353 1547 luturi
370 1493 455 1548 activi
471 1511 555 1565 quum
571 1511 627 1549 non
651 1497 742 1550 solum
758 1495 932 1568 significetur
948 1495 989 1565 is,
1012 1496 1059 1566 qui
1081 1492 1187 1566 aliquid
1203 1509 1287 1566 agere

206 1581 269 1648 vult,
284 1575 336 1632 sed
354 1578 437 1632 etiam
452 1579 497 1633 eui
513 1579 619 1650 aliquid
634 1580 776 1652 agendum
789 1586 840 1650 est,
855 1581 942 1637 vuum
953 1579 1122 1651 significant,
1138 1579 1185 1649 qui
1197 1579 1289 1634 uidere

206 1663 341 1730 deberent,
355 1662 431 1733 quod
449 1679 536 1719 sensu
552 1680 620 1718 sane
637 1681 694 1719 non
708 1660 825 1720 multum
838 1665 981 1736 discrepat
996 1681 1013 1718 a
1029 1663 1190 1732 Quintiliani
1206 1663 1288 1718 inter·

205 1743 371 1821 prdlatione.
765 1759 769 1765 ·
1077 1767 1078 1770 ¹

290 1831 337 1885 Fr.
351 1833 395 1888 93.
413 1829 511 1898 [Deest
524 1831 601 1901 apud
617 1831 701 1901 Cort,
716 1831 789 1888 Gerl.
810 1832 858 1889 ed.
871 1835 947 1903 mai,
963 1833 1029 1890 min.
1045 1837 1072 1887 et
1086 1831 1181 1900 Deba]
1205 1831 1288 1900 Quin·

206 1919 245 1974 til.
260 1915 307 1983 lX,
323 1919 349 1983 3,
368 1917 418 1972 l2.⁴

289 2000 334 2056 Fr.
350 2003 394 2058 94.
410 1997 508 2068 [Deest
523 1999 599 2070 apud
614 1998 698 2069 Cort,
717 2001 797 2056 Gerl.
807 1999 852 2058 ed.
867 2002 932 2061 mai.
950 2007 978 2057 et
993 2001 1077 2060 Debr.
1094 2025 1135 2036 -
1151 1997 1224 2064 Gerl.
1241 1998 1286 2054 ed.

99 2073 102 2075 ’
163 2144 170 2148 ,,
205 2087 272 2142 min.
289 2085 346 2140 Ine.
364 2087 407 2142 56.
425 2099 454 2154 p.
466 2086 528 2153 238,
543 2083 600 2160 21.]
643 2086 770 2141 Diomed.
793 2102 821 2157 p.
839 2089 904 2146 323.
928 2086 1059 2154 Putsoh„
1082 2099 1191 2154 exque
1214 2083 1289 2138 hunc

205 2172 299 2226 locum
320 2169 431 2240 repetiit
456 2167 563 2226 Charis.
589 2171 628 2239 ll,
649 2175 676 2240 3,
696 2176 721 2230 5.
742 2188 771 2243 p.
793 2175 835 2230 92.
853 2171 978 2227 Lindem.
1001 2172 1041 2242 (p.
1065 2173 1125 2228 133.
1148 2165 1287 2242 Putseh.).

205 2255 296 2310 Valde
313 2261 406 2310 tamen
421 2253 535 2309 dublum
550 2262 602 2324 est,
617 2273 684 2311 num
698 2258 786 2312 verba
800 2272 837 2310 ex
858 2255 989 2311 Historiis
1011 2257 1074 2311 sint.
1118 2253 1190 2310 Nam
1205 2269 1289 2323 quum

206 2341 234 2396 in
251 2339 330 2395 Catil.
347 2355 372 2394 e.
381 2338 449 2413 LXI,
462 2341 487 2396 3.
502 2339 573 2395 haee
591 2342 841 2412 leganturzpauci,
859 2355 927 2412 quos
944 2341 1046 2396 nudus
1061 2338 1160 2394 cohors
1173 2342 1288 2409 praeto·

206 2427 250 2480 ria
265 2425 419 2493 disiecerat,
428 2425 526 2496 paullo
541 2425 684 2495 diversius,
698 2426 884 2481 aedomnes
907 2431 1023 2480 tamen
1039 2423 1203 2480 advorsis
1222 2424 1287 2478 uol-

204 2509 354 2582 neribus
375 2508 625 2579 conciderent,
641 2525 698 2564 non
714 2513 804 2565 solum
821 2509 943 2582 quinque
954 2514 1097 2582 postrema
1107 2509 1197 2562 verba
1210 2523 1289 2578 pror*

206 2612 255 2650 sus
273 2599 439 2665 congruunt,
455 2592 508 2648 sed
522 2594 574 2648 tria
591 2587 701 2665 duoque
714 2597 809 2666 priora
827 2596 903 2666 apud
917 2594 1082 2650 Diomedem
1098 2591 1219 2662 eundem
1230 2593 1288 2645 lere

206 2695 321 2734 sensum
338 2677 451 2747 habent,
467 2678 513 2748 qui
530 2679 559 2732 in
572 2677 688 2734 Catilina
703 2681 776 2736 inest
790 2680 819 2734 in
832 2681 926 2736 verbis
935 2682 1025 2752 pauci
1031 2679 1128 2752 paullo
1144 2678 1296 2744 diversius..

206 2763 375 2834 Scrupulum
396 2769 488 2818 tamen
507 2764 600 2836 iniioit
621 2766 673 2820 alia
693 2783 866 2838 pronomen,
896 2772 1011 2839 propter
1034 2762 1111 2836 quod
1135 2761 1286 2818 Diomedes

205 2848 281 2904 hune
295 2848 385 2904 locum
401 2849 502 2920 attulit,¹
511 2851 750 2908 demonstraturus
763 2847 926 2908 Sallustium
941 2866 1052 2923 quoque
1065 2849 1103 2903 ila
1118 2847 1225 2902 dixisse
1235 2864 1287 2928 pro

205 2935 285 3005 alius,
302 2935 338 2991 de
357 2953 413 3009 qua
426 2937 522 3008 prisea
537 2937 711 3009 pronominis
735 2939 833 3006 lorma,
856 2953 872 2991 a
889 2937 1018 2992 Lucretio
1038 2933 1189 3010 aliquoties·
1209 2925 1288 2988 adhi·
1310 2963 1313 2968 ·

185 3085 186 3090 ἵ
205 3024 271 3090 bita,
287 3039 314 3077 v.
330 3021 474 3094 Forbiger.
492 3021 528 3076 ad
542 3023 653 3077 Lueret.
668 3023 688 3093 1,
703 3027 804 3094 264..p.
821 3027 882 3082 184.
917 3021 978 3077 Nisi
1002 3021 1085 3093 igitur
1104 3023 1209 3074 statuas
1223 3018 1287 3072 Dio·

205 3107 316 3163 medem
330 3107 427 3162 neseio
443 3125 498 3179 quo
513 3111 595 3180 paolo
620 3108 648 3162 in
671 3109 827 3163 mirabilem
849 3122 973 3162 errorem
995 3105 1031 3160 de
1049 3105 1101 3160 alis
1117 3119 1189 3160 voce
1208 3103 1285 3158 indu·
1400 3145 1407 3162 ,

205 3200 279 3250 otum
295 3209 331 3246 ex
346 3191 465 3250 Catilina
489 3195 536 3249 illa
558 3195 646 3249 verba
674 3198 779 3247 mutata
794 3193 956 3265 protulisse,
978 3191 1047 3246 nihil
1063 3186 1139 3246 aliud
1155 3187 1286 3260 relinqui·

206 3286 259 3352 tur,
276 3294 360 3352 quarn
375 3285 404 3335 ut
418 3278 568 3334 credamus
591 3275 751 3333 Sallustium
772 3278 801 3332 in
820 3276 950 3332 Historiis
973 3277 1009 3332 de
1028 3273 1111 3333 simili
1135 3289 1166 3328 re
1186 3272 1287 3328 iisdem

207 3365 300 3423 verbis
317 3379 400 3420 usum
419 3382 494 3432 esse,
511 3379 583 3436 quae
599 3363 655 3417 iam
671 3362 700 3420 in
716 3361 833 3417 Catilina
846 3367 989 3434 posuerat.

645 3659 853 3668 m
