<?xml version="1.0" encoding="UTF-8"?>
<!DOCTYPE html PUBLIC "-//W3C//DTD XHTML 1.0 Transitional//EN"
    "http://www.w3.org/TR/xhtml1/DTD/xhtml1-transitional.dtd">
<html xmlns="http://www.w3.org/1999/xhtml" xml:lang="en" lang="en">
 <head>
  <title>
</title>
<meta http-equiv="Content-Type" content="text/html;charset=utf-8" />
  <meta name='ocr-system' content='tesseract 3.04.00' />
  <meta name='ocr-capabilities' content='ocr_page ocr_carea ocr_par ocr_line ocrx_word'/>
</head>
<body>
  <div class='ocr_page' id='page_1' title='image "./csallusticrispi04sallgoog_0392.png"; bbox 0 0 3062 4958; ppageno 0'>
   <div class='ocr_carea' id='block_1_1' title="bbox 567 321 931 384">
    <p class='ocr_par' dir='ltr' id='par_1_1' title="bbox 567 321 931 384">
     <span class='ocr_line' id='line_1_1' title="bbox 567 321 931 384; baseline -0.019 0"><span class='ocrx_word' id='word_1_1' title='bbox 567 325 597 384; x_wconf 86' lang='lat' dir='ltr'>G.</span> <span class='ocrx_word' id='word_1_2' title='bbox 622 323 795 382; x_wconf 83' lang='lat' dir='ltr'>SALLUSTl</span> <span class='ocrx_word' id='word_1_3' title='bbox 819 321 931 380; x_wconf 71' lang='lat' dir='ltr'>catatu</span> 
     </span>
    </p>
   </div>
   <div class='ocr_carea' id='block_1_2' title="bbox 597 591 899 750">
    <p class='ocr_par' dir='ltr' id='par_1_2' title="bbox 597 591 899 750">
     <span class='ocr_line' id='line_1_2' title="bbox 688 591 857 644; baseline -0.024 0"><span class='ocrx_word' id='word_1_4' title='bbox 688 591 755 644; x_wconf 77' lang='lat' dir='ltr'>cae.</span> <span class='ocrx_word' id='word_1_5' title='bbox 775 591 818 642; x_wconf 88' lang='lat' dir='ltr'>tv.</span> <span class='ocrx_word' id='word_1_6' title='bbox 855 617 857 622; x_wconf 94' lang='lat'>·</span> 
     </span>
     <span class='ocr_line' id='line_1_3' title="bbox 597 695 899 750; baseline 0.007 -2"><span class='ocrx_word' id='word_1_7' title='bbox 597 698 740 749; x_wconf 86' lang='lat' dir='ltr'>Piratarum</span> <span class='ocrx_word' id='word_1_8' title='bbox 758 695 899 750; x_wconf 87' lang='lat' dir='ltr'>latrocinia.</span> 
     </span>
    </p>
   </div>
   <div class='ocr_carea' id='block_1_3' title="bbox 668 860 834 876">
    <p class='ocr_par' dir='ltr' id='par_1_3' title="bbox 668 860 834 876">
     <span class='ocr_line' id='line_1_4' title="bbox 668 860 834 876; baseline 0 0"><span class='ocrx_word' id='word_1_9' title='bbox 668 860 834 876; x_wconf 47' lang='lat' dir='ltr'>m</span> 
     </span>
    </p>
   </div>
   <div class='ocr_carea' id='block_1_4' title="bbox 308 954 1292 1056">
    <p class='ocr_par' dir='ltr' id='par_1_4' title="bbox 308 954 1292 1056">
     <span class='ocr_line' id='line_1_5' title="bbox 308 954 1292 1056; baseline -0.006 -22"><span class='ocrx_word' id='word_1_10' title='bbox 308 969 359 1034; x_wconf 78' lang='lat' dir='ltr'>ta.</span> <span class='ocrx_word' id='word_1_11' title='bbox 402 961 436 1030; x_wconf 92' lang='lat' dir='ltr'>ln</span> <span class='ocrx_word' id='word_1_12' title='bbox 457 959 531 1056; x_wconf 84' lang='lat' dir='ltr'>quis</span> <span class='ocrx_word' id='word_1_13' title='bbox 551 958 741 1032; x_wconf 89' lang='lat' dir='ltr'>notissimus</span> <span class='ocrx_word' id='word_1_14' title='bbox 765 958 905 1056; x_wconf 89' lang='lat' dir='ltr'>quisque</span> <span class='ocrx_word' id='word_1_15' title='bbox 927 959 984 1027; x_wconf 90' lang='lat' dir='ltr'>aul</span> <span class='ocrx_word' id='word_1_16' title='bbox 998 954 1085 1028; x_wconf 87' lang='lat' dir='ltr'>malo</span> <span class='ocrx_word' id='word_1_17' title='bbox 1101 955 1292 1050; x_wconf 89' lang='lat' dir='ltr'>dependens</span> 
     </span>
    </p>
   </div>
   <div class='ocr_carea' id='block_1_5' title="bbox 208 1140 1514 1244">
    <p class='ocr_par' dir='ltr' id='par_1_5' title="bbox 208 1140 1514 1256">
     <span class='ocr_line' id='line_1_6' title="bbox 208 1140 1514 1244; baseline -0.009 -16"><span class='ocrx_word' id='word_1_18' title='bbox 208 1157 361 1244; x_wconf 74' lang='grc' dir='ltr'>κατεπόθη</span> <span class='ocrx_word' id='word_1_19' title='bbox 380 1140 563 1244; x_wconf 64' lang='grc' dir='ltr'><strong><em>πολδμέρὸς</em></strong></span> <span class='ocrx_word' id='word_1_20' title='bbox 584 1153 643 1224; x_wconf 75' lang='grc' dir='ltr'>ὑπὸ</span> <span class='ocrx_word' id='word_1_21' title='bbox 664 1163 799 1242; x_wconf 79' lang='grc' dir='ltr'><strong><em>σεισμῶν.</em></strong></span> <span class='ocrx_word' id='word_1_22' title='bbox 842 1163 1073 1238; x_wconf 71' lang='lat' dir='ltr'>turpata.</span> <span class='ocrx_word' id='word_1_23' title='bbox 1118 1165 1182 1228; x_wconf 86' lang='lat' dir='ltr'>Loci</span> <span class='ocrx_word' id='word_1_24' title='bbox 1207 1166 1293 1238; x_wconf 78' lang='lat' dir='ltr'>igitur</span> <span class='ocrx_word' id='word_1_25' title='bbox 1402 1181 1404 1186; x_wconf 69' lang='grc'>’</span> <span class='ocrx_word' id='word_1_26' title='bbox 1513 1173 1514 1194; x_wconf 48' lang='grc' dir='ltr'><strong><em>ι</em></strong></span> 
     </span>
    </p>
   </div>
   <div class='ocr_carea' id='block_1_6' title="bbox 131 1249 1353 4324">
    <p class='ocr_par' dir='ltr' id='par_1_6' title="bbox 208 1249 1353 1400">
     <span class='ocr_line' id='line_1_7' title="bbox 209 1249 1353 1326; baseline -0.007 -13"><span class='ocrx_word' id='word_1_27' title='bbox 209 1258 279 1313; x_wconf 87' lang='lat' dir='ltr'>situs</span> <span class='ocrx_word' id='word_1_28' title='bbox 292 1256 367 1312; x_wconf 90' lang='lat' dir='ltr'>clarc</span> <span class='ocrx_word' id='word_1_29' title='bbox 387 1253 533 1314; x_wconf 79' lang='lat' dir='ltr'>ostendit</span> <span class='ocrx_word' id='word_1_30' title='bbox 527 1271 554 1310; x_wconf 93' lang='lat' dir='ltr'>m</span> <span class='ocrx_word' id='word_1_31' title='bbox 570 1253 676 1310; x_wconf 83' lang='lat' dir='ltr'><strong>Luculli</strong></span> <span class='ocrx_word' id='word_1_32' title='bbox 695 1251 873 1326; x_wconf 69' lang='lat' dir='ltr'>expeditione</span> <span class='ocrx_word' id='word_1_33' title='bbox 891 1249 1028 1308; x_wconf 80' lang='lat' dir='ltr'><strong>Thracica</strong></span> <span class='ocrx_word' id='word_1_34' title='bbox 1048 1249 1186 1310; x_wconf 83' lang='lat' dir='ltr'>Vizonem</span> <span class='ocrx_word' id='word_1_35' title='bbox 1203 1251 1291 1313; x_wconf 80' lang='lat' dir='ltr'>tuisse</span> <span class='ocrx_word' id='word_1_36' title='bbox 1352 1280 1353 1284; x_wconf 62' lang='lat'><em>=</em></span> 
     </span>
     <span class='ocr_line' id='line_1_8' title="bbox 208 1345 464 1400; baseline -0.016 0"><span class='ocrx_word' id='word_1_37' title='bbox 208 1345 464 1400; x_wconf 73' lang='lat' dir='ltr'><strong>commemoratam.</strong></span> 
     </span>
    </p>

    <p class='ocr_par' dir='ltr' id='par_1_7' title="bbox 131 1421 1322 4324">
     <span class='ocr_line' id='line_1_9' title="bbox 291 1421 1292 1498; baseline -0.007 -14"><span class='ocrx_word' id='word_1_38' title='bbox 291 1427 337 1484; x_wconf 88' lang='lat' dir='ltr'>Fr.</span> <span class='ocrx_word' id='word_1_39' title='bbox 353 1429 397 1486; x_wconf 77' lang='lat'>48</span> <span class='ocrx_word' id='word_1_40' title='bbox 428 1423 560 1498; x_wconf 44' lang='lat' dir='ltr'>[Cortmp</span> <span class='ocrx_word' id='word_1_41' title='bbox 577 1426 639 1484; x_wconf 86' lang='grc'>992</span> <span class='ocrx_word' id='word_1_42' title='bbox 670 1424 744 1482; x_wconf 88' lang='lat' dir='ltr'>Gerl.</span> <span class='ocrx_word' id='word_1_43' title='bbox 763 1421 809 1478; x_wconf 92' lang='lat' dir='ltr'>ed.</span> <span class='ocrx_word' id='word_1_44' title='bbox 825 1423 892 1480; x_wconf 88' lang='lat' dir='ltr'>mai.</span> <span class='ocrx_word' id='word_1_45' title='bbox 906 1423 955 1494; x_wconf 91' lang='lat' dir='ltr'>lV,</span> <span class='ocrx_word' id='word_1_46' title='bbox 970 1424 1015 1482; x_wconf 80' lang='lat' dir='ltr'>at.</span> <span class='ocrx_word' id='word_1_47' title='bbox 1039 1421 1086 1478; x_wconf 87' lang='lat' dir='ltr'>ed.</span> <span class='ocrx_word' id='word_1_48' title='bbox 1101 1421 1168 1479; x_wconf 91' lang='lat' dir='ltr'>min.</span> <span class='ocrx_word' id='word_1_49' title='bbox 1183 1423 1231 1491; x_wconf 87' lang='lat' dir='ltr'>lV,</span> <span class='ocrx_word' id='word_1_50' title='bbox 1246 1428 1292 1486; x_wconf 81' lang='grc'><strong>26.</strong></span> 
     </span>
     <span class='ocr_line' id='line_1_10' title="bbox 206 1507 1290 1590; baseline -0.002 -20"><span class='ocrx_word' id='word_1_51' title='bbox 206 1534 236 1590; x_wconf 85' lang='lat' dir='ltr'>p.</span> <span class='ocrx_word' id='word_1_52' title='bbox 251 1515 313 1580; x_wconf 81' lang='grc'><strong>227,</strong></span> <span class='ocrx_word' id='word_1_53' title='bbox 327 1515 372 1570; x_wconf 87' lang='grc'>22.</span> <span class='ocrx_word' id='word_1_54' title='bbox 387 1512 470 1568; x_wconf 87' lang='lat' dir='ltr'>Debr.</span> <span class='ocrx_word' id='word_1_55' title='bbox 486 1511 534 1580; x_wconf 88' lang='lat' dir='ltr'>IV,</span> <span class='ocrx_word' id='word_1_56' title='bbox 550 1511 607 1579; x_wconf 84' lang='lat' dir='ltr'>4l·]</span> <span class='ocrx_word' id='word_1_57' title='bbox 629 1511 732 1580; x_wconf 88' lang='lat' dir='ltr'>Verba,</span> <span class='ocrx_word' id='word_1_58' title='bbox 753 1525 826 1582; x_wconf 89' lang='lat' dir='ltr'>quac</span> <span class='ocrx_word' id='word_1_59' title='bbox 841 1511 971 1583; x_wconf 79' lang='lat' dir='ltr'>leguntur</span> <span class='ocrx_word' id='word_1_60' title='bbox 986 1507 1064 1581; x_wconf 88' lang='lat' dir='ltr'>apud</span> <span class='ocrx_word' id='word_1_61' title='bbox 1079 1508 1150 1566; x_wconf 90' lang='lat' dir='ltr'>Nou.</span> <span class='ocrx_word' id='word_1_62' title='bbox 1161 1508 1216 1576; x_wconf 89' lang='lat' dir='ltr'>IV,</span> <span class='ocrx_word' id='word_1_63' title='bbox 1227 1512 1290 1568; x_wconf 77' lang='lat' dir='ltr'>de.</span> 
     </span>
     <span class='ocr_line' id='line_1_11' title="bbox 207 1591 1292 1675; baseline -0.007 -17"><span class='ocrx_word' id='word_1_64' title='bbox 207 1619 236 1674; x_wconf 91' lang='lat' dir='ltr'>p.</span> <span class='ocrx_word' id='word_1_65' title='bbox 251 1603 313 1667; x_wconf 77' lang='lat' dir='ltr'>ato,</span> <span class='ocrx_word' id='word_1_66' title='bbox 331 1601 374 1658; x_wconf 82' lang='grc'><strong>12.</strong></span> <span class='ocrx_word' id='word_1_67' title='bbox 393 1598 523 1666; x_wconf 82' lang='grc' dir='ltr'><strong><em>Μοιοοι.,</em></strong></span> <span class='ocrx_word' id='word_1_68' title='bbox 545 1596 713 1652; x_wconf 84' lang='lat' dir='ltr'>Debrossius</span> <span class='ocrx_word' id='word_1_69' title='bbox 730 1601 757 1652; x_wconf 91' lang='lat' dir='ltr'>et</span> <span class='ocrx_word' id='word_1_70' title='bbox 772 1595 937 1675; x_wconf 89' lang='lat' dir='ltr'>Gerlachius</span> <span class='ocrx_word' id='word_1_71' title='bbox 954 1596 1112 1670; x_wconf 77' lang='lat' dir='ltr'>intelligunt</span> <span class='ocrx_word' id='word_1_72' title='bbox 1127 1593 1163 1650; x_wconf 93' lang='lat' dir='ltr'>de</span> <span class='ocrx_word' id='word_1_73' title='bbox 1181 1591 1292 1651; x_wconf 82' lang='lat' dir='ltr'>Creten·</span> 
     </span>
     <span class='ocr_line' id='line_1_12' title="bbox 210 1681 1291 1754; baseline -0.006 -10"><span class='ocrx_word' id='word_1_74' title='bbox 210 1688 297 1753; x_wconf 91' lang='lat' dir='ltr'>sibus,</span> <span class='ocrx_word' id='word_1_75' title='bbox 315 1683 459 1742; x_wconf 84' lang='lat' dir='ltr'>Romanos</span> <span class='ocrx_word' id='word_1_76' title='bbox 474 1683 568 1740; x_wconf 89' lang='lat' dir='ltr'>navali</span> <span class='ocrx_word' id='word_1_77' title='bbox 586 1682 679 1754; x_wconf 90' lang='lat' dir='ltr'>poelio</span> <span class='ocrx_word' id='word_1_78' title='bbox 696 1685 747 1738; x_wconf 88' lang='lat' dir='ltr'>sub</span> <span class='ocrx_word' id='word_1_79' title='bbox 765 1682 887 1738; x_wconf 84' lang='lat' dir='ltr'>Antonio</span> <span class='ocrx_word' id='word_1_80' title='bbox 914 1683 1003 1740; x_wconf 89' lang='lat' dir='ltr'>victos</span> <span class='ocrx_word' id='word_1_81' title='bbox 1021 1681 1129 1740; x_wconf 87' lang='lat' dir='ltr'>crudeli</span> <span class='ocrx_word' id='word_1_82' title='bbox 1151 1681 1291 1754; x_wconf 92' lang='lat' dir='ltr'>supplicio</span> 
     </span>
     <span class='ocr_line' id='line_1_13' title="bbox 209 1767 1290 1842; baseline -0.005 -15"><span class='ocrx_word' id='word_1_83' title='bbox 209 1769 406 1828; x_wconf 89' lang='lat' dir='ltr'>allicientibus.</span> <span class='ocrx_word' id='word_1_84' title='bbox 450 1767 508 1825; x_wconf 87' lang='lat' dir='ltr'>Sed</span> <span class='ocrx_word' id='word_1_85' title='bbox 533 1767 599 1826; x_wconf 89' lang='lat' dir='ltr'>huic</span> <span class='ocrx_word' id='word_1_86' title='bbox 625 1768 845 1841; x_wconf 69' lang='lat' dir='ltr'>interpretationi</span> <span class='ocrx_word' id='word_1_87' title='bbox 868 1774 1008 1842; x_wconf 76' lang='lat' dir='ltr'>repugnat</span> <span class='ocrx_word' id='word_1_88' title='bbox 1031 1774 1188 1840; x_wconf 87' lang='lat' dir='ltr'>temporum</span> <span class='ocrx_word' id='word_1_89' title='bbox 1210 1769 1290 1836; x_wconf 85' lang='lat' dir='ltr'>ratio,</span> 
     </span>
     <span class='ocr_line' id='line_1_14' title="bbox 210 1852 1291 1930; baseline -0.004 -16"><span class='ocrx_word' id='word_1_90' title='bbox 210 1872 294 1930; x_wconf 89' lang='lat' dir='ltr'>quum</span> <span class='ocrx_word' id='word_1_91' title='bbox 310 1854 467 1910; x_wconf 84' lang='lat' dir='ltr'>deAntonii</span> <span class='ocrx_word' id='word_1_92' title='bbox 482 1871 547 1920; x_wconf 87' lang='lat' dir='ltr'>cum</span> <span class='ocrx_word' id='word_1_93' title='bbox 561 1852 740 1910; x_wconf 83' lang='lat' dir='ltr'>Cretensibus</span> <span class='ocrx_word' id='word_1_94' title='bbox 756 1855 828 1912; x_wconf 89' lang='lat' dir='ltr'>bello</span> <span class='ocrx_word' id='word_1_95' title='bbox 844 1857 921 1911; x_wconf 79' lang='lat' dir='ltr'>tertio</span> <span class='ocrx_word' id='word_1_96' title='bbox 935 1854 1005 1912; x_wconf 91' lang='lat' dir='ltr'>libro</span> <span class='ocrx_word' id='word_1_97' title='bbox 1023 1854 1127 1912; x_wconf 89' lang='lat' dir='ltr'>dictum</span> <span class='ocrx_word' id='word_1_98' title='bbox 1145 1854 1181 1910; x_wconf 90' lang='lat' dir='ltr'>sit</span> <span class='ocrx_word' id='word_1_99' title='bbox 1196 1855 1239 1923; x_wconf 91' lang='lat' dir='ltr'>(v.</span> <span class='ocrx_word' id='word_1_100' title='bbox 1248 1855 1291 1922; x_wconf 93' lang='lat' dir='ltr'>lll,</span> 
     </span>
     <span class='ocr_line' id='line_1_15' title="bbox 209 1939 1291 2014; baseline -0.004 -14"><span class='ocrx_word' id='word_1_101' title='bbox 209 1948 287 2004; x_wconf 81' lang='grc'>59-</span> <span class='ocrx_word' id='word_1_102' title='bbox 298 1941 371 2008; x_wconf 82' lang='grc'><strong>66.,)</strong></span> <span class='ocrx_word' id='word_1_103' title='bbox 387 1939 505 2012; x_wconf 85' lang='lat' dir='ltr'>ipsaque</span> <span class='ocrx_word' id='word_1_104' title='bbox 520 1939 635 1998; x_wconf 82' lang='lat' dir='ltr'>Antonii</span> <span class='ocrx_word' id='word_1_105' title='bbox 650 1956 725 1996; x_wconf 87' lang='lat' dir='ltr'>mors</span> <span class='ocrx_word' id='word_1_106' title='bbox 748 1939 803 1997; x_wconf 89' lang='lat' dir='ltr'>iam</span> <span class='ocrx_word' id='word_1_107' title='bbox 816 1939 1003 2014; x_wconf 88' lang='lat' dir='ltr'>praecedente</span> <span class='ocrx_word' id='word_1_108' title='bbox 1019 1941 1091 1998; x_wconf 92' lang='lat' dir='ltr'>libro</span> <span class='ocrx_word' id='word_1_109' title='bbox 1107 1941 1291 1999; x_wconf 82' lang='lat' dir='ltr'>contineatur.</span> 
     </span>
     <span class='ocr_line' id='line_1_16' title="bbox 209 2023 1291 2098; baseline -0.002 -14"><span class='ocrx_word' id='word_1_110' title='bbox 209 2027 296 2084; x_wconf 87' lang='lat' dir='ltr'>Nobis</span> <span class='ocrx_word' id='word_1_111' title='bbox 317 2025 489 2098; x_wconf 85' lang='lat' dir='ltr'>probabilius</span> <span class='ocrx_word' id='word_1_112' title='bbox 506 2023 616 2082; x_wconf 91' lang='lat' dir='ltr'>videtur</span> <span class='ocrx_word' id='word_1_113' title='bbox 640 2025 792 2098; x_wconf 79' lang='lat' dir='ltr'>piratarum</span> <span class='ocrx_word' id='word_1_114' title='bbox 809 2023 931 2084; x_wconf 85' lang='lat' dir='ltr'>describi</span> <span class='ocrx_word' id='word_1_115' title='bbox 947 2025 1090 2084; x_wconf 87' lang='lat' dir='ltr'>crudelem</span> <span class='ocrx_word' id='word_1_116' title='bbox 1106 2026 1291 2094; x_wconf 81' lang='lat' dir='ltr'>insolentiam,</span> 
     </span>
     <span class='ocr_line' id='line_1_17' title="bbox 208 2110 1293 2186; baseline -0.002 -15.996"><span class='ocrx_word' id='word_1_117' title='bbox 208 2130 265 2186; x_wconf 86' lang='lat' dir='ltr'>qua</span> <span class='ocrx_word' id='word_1_118' title='bbox 280 2111 369 2184; x_wconf 89' lang='lat' dir='ltr'>captis</span> <span class='ocrx_word' id='word_1_119' title='bbox 391 2112 500 2168; x_wconf 88' lang='lat' dir='ltr'>civibus</span> <span class='ocrx_word' id='word_1_120' title='bbox 520 2111 655 2170; x_wconf 82' lang='lat' dir='ltr'>Romanis</span> <span class='ocrx_word' id='word_1_121' title='bbox 677 2110 794 2170; x_wconf 85' lang='lat' dir='ltr'>illudere</span> <span class='ocrx_word' id='word_1_122' title='bbox 811 2114 955 2183; x_wconf 88' lang='lat' dir='ltr'>solebant,</span> <span class='ocrx_word' id='word_1_123' title='bbox 977 2117 1007 2168; x_wconf 90' lang='lat' dir='ltr'>ut</span> <span class='ocrx_word' id='word_1_124' title='bbox 1022 2113 1137 2170; x_wconf 85' lang='lat' dir='ltr'>testatur</span> <span class='ocrx_word' id='word_1_125' title='bbox 1152 2111 1293 2169; x_wconf 83' lang='lat' dir='ltr'>Plutarch.</span> 
     </span>
     <span class='ocr_line' id='line_1_18' title="bbox 209 2155 1294 2302; baseline -0.005 -43"><span class='ocrx_word' id='word_1_126' title='bbox 209 2201 236 2259; x_wconf 89' lang='lat' dir='ltr'>in</span> <span class='ocrx_word' id='word_1_127' title='bbox 250 2200 351 2270; x_wconf 86' lang='lat' dir='ltr'>Pomp</span> <span class='ocrx_word' id='word_1_128' title='bbox 368 2215 392 2254; x_wconf 88' lang='lat' dir='ltr'><strong>c</strong></span> <span class='ocrx_word' id='word_1_129' title='bbox 409 2202 452 2266; x_wconf 77' lang='lat'>24,</span> <span class='ocrx_word' id='word_1_130' title='bbox 468 2203 538 2254; x_wconf 83' lang='lat' dir='ltr'>extr</span> <span class='ocrx_word' id='word_1_131' title='bbox 581 2183 696 2256; x_wconf 79' lang='grc' dir='ltr'><em>Ἐκεῖνο</em></span> <span class='ocrx_word' id='word_1_132' title='bbox 719 2178 786 2254; x_wconf 82' lang='grc' dir='ltr'>δέ</span> <span class='ocrx_word' id='word_1_133' title='bbox 764 2216 804 2272; x_wconf 79' lang='grc' dir='ltr'>ην</span> <span class='ocrx_word' id='word_1_134' title='bbox 824 2155 1082 2302; x_wconf 75' lang='grc' dir='ltr'><strong><em>υβριρτιλορτατον.</em></strong></span> <span class='ocrx_word' id='word_1_135' title='bbox 1121 2184 1223 2258; x_wconf 81' lang='grc' dir='ltr'><strong><em>Ὁπότε</em></strong></span> <span class='ocrx_word' id='word_1_136' title='bbox 1236 2185 1294 2274; x_wconf 71' lang='grc' dir='ltr'>γάρ</span> 
     </span>
     <span class='ocr_line' id='line_1_19' title="bbox 208 2269 1293 2380; baseline -0.003 -38"><span class='ocrx_word' id='word_1_137' title='bbox 208 2303 251 2354; x_wconf 87' lang='grc' dir='ltr'><strong><em>τις</em></strong></span> <span class='ocrx_word' id='word_1_138' title='bbox 267 2269 401 2352; x_wconf 60' lang='lat' dir='ltr'>Salmacis</span> <span class='ocrx_word' id='word_1_139' title='bbox 416 2269 590 2379; x_wconf 78' lang='grc' dir='ltr'><strong><em>ἆναβοήσειε</em></strong></span> <span class='ocrx_word' id='word_1_140' title='bbox 602 2269 744 2357; x_wconf 82' lang='grc' dir='ltr'><strong><em>Ῥωμαῖος</em></strong></span> <span class='ocrx_word' id='word_1_141' title='bbox 766 2271 843 2341; x_wconf 79' lang='grc' dir='ltr'><strong><em>εἶναι</em></strong></span> <span class='ocrx_word' id='word_1_142' title='bbox 864 2276 916 2342; x_wconf 80' lang='grc' dir='ltr'>καλ</span> <span class='ocrx_word' id='word_1_143' title='bbox 921 2271 1293 2380; x_wconf 58' lang='lat' dir='ltr'>retrocessionem</span> 
     </span>
     <span class='ocr_line' id='line_1_20' title="bbox 208 2355 1292 2472; baseline -0.002 -46"><span class='ocrx_word' id='word_1_144' title='bbox 208 2367 376 2444; x_wconf 75' lang='grc' dir='ltr'><strong><em>πεπλιηθαι</em></strong></span> <span class='ocrx_word' id='word_1_145' title='bbox 391 2357 636 2465; x_wconf 71' lang='grc' dir='ltr'><strong><em>προςποιρόριενοι</em></strong></span> <span class='ocrx_word' id='word_1_146' title='bbox 656 2362 707 2426; x_wconf 84' lang='grc' dir='ltr'>καλ</span> <span class='ocrx_word' id='word_1_147' title='bbox 730 2360 858 2426; x_wconf 77' lang='grc' dir='ltr'>δεδιέναι</span> <span class='ocrx_word' id='word_1_148' title='bbox 878 2355 946 2464; x_wconf 80' lang='grc' dir='ltr'><strong><em>τρός</em></strong></span> <span class='ocrx_word' id='word_1_149' title='bbox 965 2385 995 2428; x_wconf 84' lang='grc' dir='ltr'>τε</span> <span class='ocrx_word' id='word_1_150' title='bbox 1017 2355 1129 2446; x_wconf 80' lang='grc' dir='ltr'><strong><em>μηροδς</em></strong></span> <span class='ocrx_word' id='word_1_151' title='bbox 1143 2361 1292 2472; x_wconf 71' lang='grc' dir='ltr'><strong><em>έπαίρνιο,</em></strong></span> 
     </span>
     <span class='ocr_line' id='line_1_21' title="bbox 209 2439 1295 2554; baseline 0 -42"><span class='ocrx_word' id='word_1_152' title='bbox 209 2448 259 2512; x_wconf 81' lang='grc' dir='ltr'>καὶ</span> <span class='ocrx_word' id='word_1_153' title='bbox 280 2445 475 2550; x_wconf 85' lang='grc' dir='ltr'><strong><em>προςέπιπτον</em></strong></span> <span class='ocrx_word' id='word_1_154' title='bbox 488 2439 580 2530; x_wconf 71' lang='grc' dir='ltr'><strong><em>αὐτῷ,</em></strong></span> <span class='ocrx_word' id='word_1_155' title='bbox 596 2442 775 2554; x_wconf 78' lang='grc' dir='ltr'><em>συγγνώμην</em></span> <span class='ocrx_word' id='word_1_156' title='bbox 794 2447 870 2551; x_wconf 76' lang='grc' dir='ltr'><strong><em>ἔχειν</em></strong></span> <span class='ocrx_word' id='word_1_157' title='bbox 886 2439 1152 2549; x_wconf 68' lang='grc' dir='ltr'><strong><em>ἀντιβολοῦντες·</em></strong></span> <span class='ocrx_word' id='word_1_158' title='bbox 1139 2447 1235 2512; x_wconf 88' lang='grc' dir='ltr'>οδε</span> <span class='ocrx_word' id='word_1_159' title='bbox 1220 2451 1295 2512; x_wconf 82' lang='grc' dir='ltr'><strong><em>επελ</em></strong></span> 
     </span>
     <span class='ocr_line' id='line_1_22' title="bbox 208 2523 1296 2636; baseline 0.002 -40"><span class='ocrx_word' id='word_1_160' title='bbox 208 2541 278 2596; x_wconf 75' lang='lat' dir='ltr'>deco</span> <span class='ocrx_word' id='word_1_161' title='bbox 293 2523 448 2606; x_wconf 74' lang='grc' dir='ltr'><strong><em>ταπεινοὺς</em></strong></span> <span class='ocrx_word' id='word_1_162' title='bbox 459 2524 553 2635; x_wconf 78' lang='grc' dir='ltr'><strong><em>δρῶν</em></strong></span> <span class='ocrx_word' id='word_1_163' title='bbox 555 2555 606 2593; x_wconf 89' lang='grc' dir='ltr'><strong><em>και</em></strong></span> <span class='ocrx_word' id='word_1_164' title='bbox 597 2530 784 2631; x_wconf 77' lang='grc' dir='ltr'><strong><em>δεομένους.</em></strong></span> <span class='ocrx_word' id='word_1_165' title='bbox 820 2525 870 2606; x_wconf 76' lang='grc' dir='ltr'>Ἐκ</span> <span class='ocrx_word' id='word_1_166' title='bbox 883 2527 988 2598; x_wconf 79' lang='grc' dir='ltr'><strong><em>τούτου</em></strong></span> <span class='ocrx_word' id='word_1_167' title='bbox 1004 2532 1066 2597; x_wconf 80' lang='grc' dir='ltr'>δέο</span> <span class='ocrx_word' id='word_1_168' title='bbox 1066 2533 1148 2636; x_wconf 80' lang='grc' dir='ltr'><strong><em>λμέν</em></strong></span> <span class='ocrx_word' id='word_1_169' title='bbox 1163 2527 1296 2598; x_wconf 83' lang='grc' dir='ltr'><strong><em>υπέδονν</em></strong></span> 
     </span>
     <span class='ocr_line' id='line_1_23' title="bbox 131 2609 1296 2720; baseline -0.002 -38"><span class='ocrx_word' id='word_1_170' title='bbox 131 2666 133 2670; x_wconf 88' lang='grc'><strong>-</strong></span> <span class='ocrx_word' id='word_1_171' title='bbox 208 2624 268 2692; x_wconf 83' lang='grc' dir='ltr'><strong><em>τοῖς</em></strong></span> <span class='ocrx_word' id='word_1_172' title='bbox 286 2609 467 2690; x_wconf 77' lang='grc' dir='ltr'><strong><em>καλκίοις’</em></strong></span> <span class='ocrx_word' id='word_1_173' title='bbox 433 2613 595 2717; x_wconf 60' lang='lat' dir='ltr'>norimus</span> <span class='ocrx_word' id='word_1_174' title='bbox 563 2613 639 2678; x_wconf 78' lang='lat' dir='ltr'>otti</span> <span class='ocrx_word' id='word_1_175' title='bbox 651 2611 798 2720; x_wconf 81' lang='grc' dir='ltr'><strong><em>τήβεννον</em></strong></span> <span class='ocrx_word' id='word_1_176' title='bbox 813 2611 1055 2701; x_wconf 70' lang='grc' dir='ltr'><strong><em>περιέβαλλον,</em></strong></span> <span class='ocrx_word' id='word_1_177' title='bbox 1037 2643 1075 2720; x_wconf 78' lang='grc' dir='ltr'>ρος</span> <span class='ocrx_word' id='word_1_178' title='bbox 1096 2611 1191 2700; x_wconf 73' lang='lat' dir='ltr'>da³1³ucp</span> <span class='ocrx_word' id='word_1_179' title='bbox 1205 2615 1296 2680; x_wconf 80' lang='grc' dir='ltr'><strong><em>πόλιν</em></strong></span> 
     </span>
     <span class='ocr_line' id='line_1_24' title="bbox 208 2692 1296 2805; baseline 0.004 -41"><span class='ocrx_word' id='word_1_180' title='bbox 208 2695 381 2802; x_wconf 59' lang='grc' dir='ltr'><strong><em>ἆγνυηζρίη.</em></strong></span> <span class='ocrx_word' id='word_1_181' title='bbox 425 2693 531 2764; x_wconf 82' lang='grc' dir='ltr'><strong><em>Πολδν</em></strong></span> <span class='ocrx_word' id='word_1_182' title='bbox 556 2692 612 2764; x_wconf 83' lang='grc' dir='ltr'>δέ</span> <span class='ocrx_word' id='word_1_183' title='bbox 608 2695 715 2784; x_wconf 77' lang='grc' dir='ltr'><strong><em>χρόνον</em></strong></span> <span class='ocrx_word' id='word_1_184' title='bbox 735 2695 811 2766; x_wconf 70' lang='grc' dir='ltr'><strong><em>οὕτω</em></strong></span> <span class='ocrx_word' id='word_1_185' title='bbox 833 2698 1132 2805; x_wconf 72' lang='grc' dir='ltr'><strong><em>κατειρωνευσάμενοι</em></strong></span> <span class='ocrx_word' id='word_1_186' title='bbox 1154 2695 1242 2767; x_wconf 73' lang='grc' dir='ltr'><strong><em>κρέ’</em></strong></span> <span class='ocrx_word' id='word_1_187' title='bbox 1224 2727 1296 2768; x_wconf 80' lang='lat' dir='ltr'>cuo·</span> 
     </span>
     <span class='ocr_line' id='line_1_25' title="bbox 208 2777 1296 2891; baseline 0.003 -41"><span class='ocrx_word' id='word_1_188' title='bbox 208 2783 369 2862; x_wconf 76' lang='grc' dir='ltr'><strong><em>λούσαντες</em></strong></span> <span class='ocrx_word' id='word_1_189' title='bbox 389 2790 442 2848; x_wconf 79' lang='grc' dir='ltr'>τοῦ</span> <span class='ocrx_word' id='word_1_190' title='bbox 461 2777 628 2868; x_wconf 66' lang='lat' dir='ltr'>dudeciaco</span> <span class='ocrx_word' id='word_1_191' title='bbox 648 2785 728 2891; x_wconf 79' lang='grc' dir='ltr'><strong><em>τέλος</em></strong></span> <span class='ocrx_word' id='word_1_192' title='bbox 741 2787 866 2874; x_wconf 82' lang='grc' dir='ltr'><strong><em>ένμέσεο</em></strong></span> <span class='ocrx_word' id='word_1_193' title='bbox 880 2783 1000 2872; x_wconf 79' lang='grc' dir='ltr'><strong><em>πελάγει</em></strong></span> <span class='ocrx_word' id='word_1_194' title='bbox 1020 2791 1150 2870; x_wconf 78' lang='grc' dir='ltr'><strong><em>κλίμακα</em></strong></span> <span class='ocrx_word' id='word_1_195' title='bbox 1166 2793 1296 2891; x_wconf 86' lang='grc' dir='ltr'><strong><em>προςβα</em></strong></span> 
     </span>
     <span class='ocr_line' id='line_1_26' title="bbox 208 2853 1295 2977; baseline 0 -41"><span class='ocrx_word' id='word_1_196' title='bbox 208 2865 306 2946; x_wconf 86' lang='grc' dir='ltr'><strong><em>λόνιες</em></strong></span> <span class='ocrx_word' id='word_1_197' title='bbox 320 2869 454 2935; x_wconf 72' lang='grc' dir='ltr'><strong><em>ἐκέλευον</em></strong></span> <span class='ocrx_word' id='word_1_198' title='bbox 469 2871 617 2977; x_wconf 76' lang='grc' dir='ltr'><strong><em>ἐκβαίνειν</em></strong></span> <span class='ocrx_word' id='word_1_199' title='bbox 632 2871 683 2936; x_wconf 80' lang='grc' dir='ltr'>καὶ</span> <span class='ocrx_word' id='word_1_200' title='bbox 704 2866 823 2938; x_wconf 73' lang='lat' dir='ltr'>dacium</span> <span class='ocrx_word' id='word_1_201' title='bbox 836 2853 1039 2956; x_wconf 75' lang='grc' dir='ltr'><strong><em>χαίροντυ,“</em></strong></span> <span class='ocrx_word' id='word_1_202' title='bbox 1012 2898 1064 2938; x_wconf 85' lang='grc' dir='ltr'>τον</span> <span class='ocrx_word' id='word_1_203' title='bbox 1080 2872 1164 2938; x_wconf 68' lang='grc' dir='ltr'>δι’</span> <span class='ocrx_word' id='word_1_204' title='bbox 1127 2901 1168 2956; x_wconf 84' lang='grc' dir='ltr'>μη</span> <span class='ocrx_word' id='word_1_205' title='bbox 1189 2869 1295 2956; x_wconf 85' lang='grc' dir='ltr'><strong><em>βουλό</em></strong></span> 
     </span>
     <span class='ocr_line' id='line_1_27' title="bbox 207 2948 1297 3039; baseline 0.003 -20"><span class='ocrx_word' id='word_1_206' title='bbox 207 2981 296 3039; x_wconf 84' lang='grc' dir='ltr'><strong><em>μενον</em></strong></span> <span class='ocrx_word' id='word_1_207' title='bbox 321 2948 473 3032; x_wconf 79' lang='grc' dir='ltr'><strong><em>ὦθουνιες</em></strong></span> <span class='ocrx_word' id='word_1_208' title='bbox 500 2954 585 3022; x_wconf 78' lang='grc' dir='ltr'><strong><em>αὐτοὶ</em></strong></span> <span class='ocrx_word' id='word_1_209' title='bbox 606 2958 757 3023; x_wconf 90' lang='grc' dir='ltr'><strong><em>κατέδυον.</em></strong></span> <span class='ocrx_word' id='word_1_210' title='bbox 803 2966 892 3024; x_wconf 86' lang='lat' dir='ltr'>Simili</span> <span class='ocrx_word' id='word_1_211' title='bbox 918 2966 1003 3024; x_wconf 89' lang='lat' dir='ltr'>modo</span> <span class='ocrx_word' id='word_1_212' title='bbox 1024 2957 1193 3024; x_wconf 88' lang='lat' dir='ltr'>Sallustius</span> <span class='ocrx_word' id='word_1_213' title='bbox 1202 2973 1297 3024; x_wconf 88' lang='lat' dir='ltr'>narrat</span> 
     </span>
     <span class='ocr_line' id='line_1_28' title="bbox 207 3050 1296 3124; baseline 0.001 -17"><span class='ocrx_word' id='word_1_214' title='bbox 207 3054 306 3124; x_wconf 88' lang='lat' dir='ltr'>captos</span> <span class='ocrx_word' id='word_1_215' title='bbox 325 3050 449 3106; x_wconf 90' lang='lat' dir='ltr'>notiores</span> <span class='ocrx_word' id='word_1_216' title='bbox 471 3055 517 3106; x_wconf 88' lang='lat' dir='ltr'>aut</span> <span class='ocrx_word' id='word_1_217' title='bbox 538 3052 702 3108; x_wconf 88' lang='lat' dir='ltr'>verberibus</span> <span class='ocrx_word' id='word_1_218' title='bbox 724 3054 863 3108; x_wconf 88' lang='lat' dir='ltr'>laceratos</span> <span class='ocrx_word' id='word_1_219' title='bbox 879 3068 958 3120; x_wconf 86' lang='lat' dir='ltr'>esse,</span> <span class='ocrx_word' id='word_1_220' title='bbox 978 3057 1025 3108; x_wconf 91' lang='lat' dir='ltr'>aut</span> <span class='ocrx_word' id='word_1_221' title='bbox 1038 3053 1162 3124; x_wconf 89' lang='lat' dir='ltr'>patibulo</span> <span class='ocrx_word' id='word_1_222' title='bbox 1179 3069 1296 3123; x_wconf 84' lang='lat' dir='ltr'>suspen-</span> 
     </span>
     <span class='ocr_line' id='line_1_29' title="bbox 208 3134 1296 3210; baseline 0.002 -18"><span class='ocrx_word' id='word_1_223' title='bbox 208 3154 265 3192; x_wconf 88' lang='lat' dir='ltr'>sos.</span> <span class='ocrx_word' id='word_1_224' title='bbox 308 3135 405 3208; x_wconf 82' lang='lat' dir='ltr'>Neque</span> <span class='ocrx_word' id='word_1_225' title='bbox 422 3134 542 3192; x_wconf 89' lang='lat' dir='ltr'>dubitari</span> <span class='ocrx_word' id='word_1_226' title='bbox 557 3142 665 3207; x_wconf 90' lang='lat' dir='ltr'>potest,</span> <span class='ocrx_word' id='word_1_227' title='bbox 690 3138 757 3208; x_wconf 90' lang='lat' dir='ltr'>quin</span> <span class='ocrx_word' id='word_1_228' title='bbox 775 3137 804 3192; x_wconf 91' lang='lat' dir='ltr'>id</span> <span class='ocrx_word' id='word_1_229' title='bbox 824 3137 903 3193; x_wconf 89' lang='lat' dir='ltr'>haud</span> <span class='ocrx_word' id='word_1_230' title='bbox 917 3138 1002 3194; x_wconf 91' lang='lat' dir='ltr'>multo</span> <span class='ocrx_word' id='word_1_231' title='bbox 1016 3142 1083 3195; x_wconf 87' lang='lat' dir='ltr'>ante</span> <span class='ocrx_word' id='word_1_232' title='bbox 1101 3137 1170 3194; x_wconf 90' lang='lat' dir='ltr'>illud</span> <span class='ocrx_word' id='word_1_233' title='bbox 1187 3143 1296 3210; x_wconf 84' lang='lat' dir='ltr'>tempus</span> 
     </span>
     <span class='ocr_line' id='line_1_30' title="bbox 208 3219 1297 3294; baseline 0.006 -18"><span class='ocrx_word' id='word_1_234' title='bbox 208 3219 360 3289; x_wconf 87' lang='lat' dir='ltr'>acciderit,</span> <span class='ocrx_word' id='word_1_235' title='bbox 381 3237 435 3291; x_wconf 90' lang='lat' dir='ltr'>quc</span> <span class='ocrx_word' id='word_1_236' title='bbox 453 3222 556 3278; x_wconf 86' lang='lat' dir='ltr'>malum</span> <span class='ocrx_word' id='word_1_237' title='bbox 581 3221 636 3278; x_wconf 91' lang='lat' dir='ltr'>hoc</span> <span class='ocrx_word' id='word_1_238' title='bbox 661 3220 733 3276; x_wconf 88' lang='lat' dir='ltr'>adeo</span> <span class='ocrx_word' id='word_1_239' title='bbox 756 3227 867 3278; x_wconf 89' lang='lat' dir='ltr'>auctum</span> <span class='ocrx_word' id='word_1_240' title='bbox 883 3228 934 3291; x_wconf 91' lang='lat' dir='ltr'>cst,</span> <span class='ocrx_word' id='word_1_241' title='bbox 958 3228 987 3278; x_wconf 91' lang='lat' dir='ltr'>ut</span> <span class='ocrx_word' id='word_1_242' title='bbox 1001 3224 1134 3294; x_wconf 87' lang='lat' dir='ltr'>Pompeio</span> <span class='ocrx_word' id='word_1_243' title='bbox 1158 3239 1297 3282; x_wconf 76' lang='lat' dir='ltr'>summurn</span> 
     </span>
     <span class='ocr_line' id='line_1_31' title="bbox 210 3305 1293 3381; baseline 0.001 -20"><span class='ocrx_word' id='word_1_244' title='bbox 210 3306 358 3378; x_wconf 90' lang='lat' dir='ltr'>imperium</span> <span class='ocrx_word' id='word_1_245' title='bbox 374 3305 603 3362; x_wconf 89' lang='lat' dir='ltr'>committendum</span> <span class='ocrx_word' id='word_1_246' title='bbox 619 3311 696 3362; x_wconf 87' lang='lat' dir='ltr'>esset</span> <span class='ocrx_word' id='word_1_247' title='bbox 711 3305 748 3360; x_wconf 89' lang='lat' dir='ltr'>ad</span> <span class='ocrx_word' id='word_1_248' title='bbox 762 3307 915 3378; x_wconf 83' lang='lat' dir='ltr'>piratarum</span> <span class='ocrx_word' id='word_1_249' title='bbox 931 3308 988 3362; x_wconf 93' lang='lat' dir='ltr'>vim</span> <span class='ocrx_word' id='word_1_250' title='bbox 999 3309 1083 3380; x_wconf 88' lang='lat' dir='ltr'>plane</span> <span class='ocrx_word' id='word_1_251' title='bbox 1098 3307 1293 3381; x_wconf 77' lang='lat' dir='ltr'>frangendam.</span> 
     </span>
     <span class='ocr_line' id='line_1_32' title="bbox 213 3390 1295 3466; baseline 0.006 -18"><span class='ocrx_word' id='word_1_252' title='bbox 213 3421 248 3432; x_wconf 87' lang='lat'><em>-</em></span> <span class='ocrx_word' id='word_1_253' title='bbox 267 3390 433 3448; x_wconf 86' lang='lat' dir='ltr'>Immutiiuto</span> <span class='ocrx_word' id='word_1_254' title='bbox 450 3391 471 3446; x_wconf 84' lang='lat' dir='ltr'><strong>F</strong></span> <span class='ocrx_word' id='word_1_255' title='bbox 474 3390 610 3446; x_wconf 88' lang='lat' dir='ltr'>reundius</span> <span class='ocrx_word' id='word_1_256' title='bbox 634 3392 662 3444; x_wconf 90' lang='lat' dir='ltr'>in</span> <span class='ocrx_word' id='word_1_257' title='bbox 679 3391 747 3446; x_wconf 86' lang='lat' dir='ltr'>Lex.</span> <span class='ocrx_word' id='word_1_258' title='bbox 762 3391 790 3448; x_wconf 92' lang='lat' dir='ltr'>h.</span> <span class='ocrx_word' id='word_1_259' title='bbox 808 3409 836 3448; x_wconf 92' lang='lat' dir='ltr'>v.</span> <span class='ocrx_word' id='word_1_260' title='bbox 852 3393 928 3448; x_wconf 89' lang='lat' dir='ltr'>idem</span> <span class='ocrx_word' id='word_1_261' title='bbox 949 3411 1014 3450; x_wconf 86' lang='lat' dir='ltr'>esse</span> <span class='ocrx_word' id='word_1_262' title='bbox 1035 3393 1102 3450; x_wconf 91' lang='lat' dir='ltr'>dicit</span> <span class='ocrx_word' id='word_1_263' title='bbox 1117 3400 1199 3466; x_wconf 86' lang='lat' dir='ltr'>atque</span> <span class='ocrx_word' id='word_1_264' title='bbox 1213 3395 1295 3454; x_wconf 74' lang='lat' dir='ltr'>muli·</span> 
     </span>
     <span class='ocr_line' id='line_1_33' title="bbox 206 3467 1298 3552; baseline 0.002 -20"><span class='ocrx_word' id='word_1_265' title='bbox 206 3477 276 3545; x_wconf 86' lang='lat' dir='ltr'>luto,</span> <span class='ocrx_word' id='word_1_266' title='bbox 302 3478 382 3550; x_wconf 89' lang='lat' dir='ltr'>quasi</span> <span class='ocrx_word' id='word_1_267' title='bbox 403 3475 559 3532; x_wconf 88' lang='lat' dir='ltr'>descendat</span> <span class='ocrx_word' id='word_1_268' title='bbox 574 3467 594 3530; x_wconf 80' lang='grc' dir='ltr'>α’</span> <span class='ocrx_word' id='word_1_269' title='bbox 615 3477 702 3532; x_wconf 86' lang='lat' dir='ltr'>verbo</span> <span class='ocrx_word' id='word_1_270' title='bbox 718 3477 811 3549; x_wconf 87' lang='lat' dir='ltr'>aliquo</span> <span class='ocrx_word' id='word_1_271' title='bbox 832 3479 975 3548; x_wconf 80' lang='lat' dir='ltr'>immittitu,</span> <span class='ocrx_word' id='word_1_272' title='bbox 996 3479 1071 3550; x_wconf 89' lang='lat' dir='ltr'>quod</span> <span class='ocrx_word' id='word_1_273' title='bbox 1088 3496 1230 3552; x_wconf 87' lang='lat' dir='ltr'>nunquam</span> <span class='ocrx_word' id='word_1_274' title='bbox 1247 3497 1298 3534; x_wconf 43' lang='lat' dir='ltr'>cx*</span> 
     </span>
     <span class='ocr_line' id='line_1_34' title="bbox 207 3560 1322 3635; baseline 0.002 -17"><span class='ocrx_word' id='word_1_275' title='bbox 207 3563 282 3619; x_wconf 88' lang='lat' dir='ltr'>stitit.</span> <span class='ocrx_word' id='word_1_276' title='bbox 325 3561 518 3634; x_wconf 75' lang='lat' dir='ltr'>oppositionis</span> <span class='ocrx_word' id='word_1_277' title='bbox 534 3561 604 3618; x_wconf 85' lang='lat' dir='ltr'>ratio</span> <span class='ocrx_word' id='word_1_278' title='bbox 623 3576 689 3616; x_wconf 88' lang='lat' dir='ltr'>vero</span> <span class='ocrx_word' id='word_1_279' title='bbox 706 3560 828 3620; x_wconf 89' lang='lat' dir='ltr'>ostendit</span> <span class='ocrx_word' id='word_1_280' title='bbox 841 3565 1029 3622; x_wconf 71' lang='lat' dir='ltr'>camaldulum</span> <span class='ocrx_word' id='word_1_281' title='bbox 1045 3582 1110 3622; x_wconf 87' lang='lat' dir='ltr'>esse</span> <span class='ocrx_word' id='word_1_282' title='bbox 1125 3565 1297 3630; x_wconf 88' lang='lat' dir='ltr'>adiectivum</span> <span class='ocrx_word' id='word_1_283' title='bbox 1320 3631 1322 3635; x_wconf 86' lang='lat'><strong>.</strong></span> 
     </span>
     <span class='ocr_line' id='line_1_35' title="bbox 206 3645 1299 3722; baseline -0.001 -17"><span class='ocrx_word' id='word_1_284' title='bbox 206 3665 271 3705; x_wconf 92' lang='lat' dir='ltr'>curn</span> <span class='ocrx_word' id='word_1_285' title='bbox 285 3647 463 3721; x_wconf 81' lang='lat' dir='ltr'>negativam</span> <span class='ocrx_word' id='word_1_286' title='bbox 478 3645 591 3718; x_wconf 78' lang='lat' dir='ltr'>syllaba</span> <span class='ocrx_word' id='word_1_287' title='bbox 606 3649 810 3720; x_wconf 89' lang='lat' dir='ltr'>compositum;</span> <span class='ocrx_word' id='word_1_288' title='bbox 827 3650 874 3706; x_wconf 86' lang='lat' dir='ltr'>alii</span> <span class='ocrx_word' id='word_1_289' title='bbox 890 3650 967 3706; x_wconf 89' lang='lat' dir='ltr'>enim</span> <span class='ocrx_word' id='word_1_290' title='bbox 982 3650 1158 3722; x_wconf 88' lang='lat' dir='ltr'>captivorum</span> <span class='ocrx_word' id='word_1_291' title='bbox 1174 3651 1299 3708; x_wconf 87' lang='lat' dir='ltr'>verberi-</span> 
     </span>
     <span class='ocr_line' id='line_1_36' title="bbox 206 3729 1300 3810; baseline 0.003 -21"><span class='ocrx_word' id='word_1_292' title='bbox 206 3735 258 3790; x_wconf 89' lang='lat' dir='ltr'>bus</span> <span class='ocrx_word' id='word_1_293' title='bbox 275 3733 391 3792; x_wconf 90' lang='lat' dir='ltr'>lacerati</span> <span class='ocrx_word' id='word_1_294' title='bbox 405 3729 614 3802; x_wconf 79' lang='lat' dir='ltr'>mutilabantur,</span> <span class='ocrx_word' id='word_1_295' title='bbox 638 3733 683 3789; x_wconf 90' lang='lat' dir='ltr'>alii</span> <span class='ocrx_word' id='word_1_296' title='bbox 700 3735 805 3792; x_wconf 86' lang='lat' dir='ltr'>nullam</span> <span class='ocrx_word' id='word_1_297' title='bbox 821 3737 948 3810; x_wconf 67' lang='lat' dir='ltr'>corporat</span> <span class='ocrx_word' id='word_1_298' title='bbox 963 3736 1156 3794; x_wconf 76' lang='lat' dir='ltr'>mutilationem</span> <span class='ocrx_word' id='word_1_299' title='bbox 1166 3738 1300 3809; x_wconf 67' lang='lat' dir='ltr'>perpessi</span> 
     </span>
     <span class='ocr_line' id='line_1_37' title="bbox 205 3816 1297 3893; baseline 0.001 -18"><span class='ocrx_word' id='word_1_300' title='bbox 205 3819 331 3890; x_wconf 85' lang='lat' dir='ltr'>patibulo</span> <span class='ocrx_word' id='word_1_301' title='bbox 350 3816 544 3888; x_wconf 78' lang='lat' dir='ltr'>alligabantur.</span> <span class='ocrx_word' id='word_1_302' title='bbox 577 3818 695 3876; x_wconf 90' lang='lat' dir='ltr'>Ursinus</span> <span class='ocrx_word' id='word_1_303' title='bbox 714 3821 835 3878; x_wconf 88' lang='lat' dir='ltr'>coniecit</span> <span class='ocrx_word' id='word_1_304' title='bbox 848 3822 1005 3878; x_wconf 85' lang='lat' dir='ltr'>mulcato</span> <span class='ocrx_word' id='word_1_305' title='bbox 1019 3837 1150 3893; x_wconf 85' lang='lat' dir='ltr'>corpere.</span> <span class='ocrx_word' id='word_1_306' title='bbox 1170 3852 1213 3862; x_wconf 82' lang='lat'>-</span> <span class='ocrx_word' id='word_1_307' title='bbox 1231 3818 1297 3878; x_wconf 80' lang='lat' dir='ltr'>Im·</span> 
     </span>
     <span class='ocr_line' id='line_1_38' title="bbox 199 3899 1297 3978; baseline 0.003 -19"><span class='ocrx_word' id='word_1_308' title='bbox 199 3903 352 3976; x_wconf 81' lang='lat' dir='ltr'>probum</span> <span class='ocrx_word' id='word_1_309' title='bbox 368 3899 523 3974; x_wconf 77' lang='lat' dir='ltr'>patibulum</span> <span class='ocrx_word' id='word_1_310' title='bbox 541 3903 615 3962; x_wconf 90' lang='lat' dir='ltr'>idem</span> <span class='ocrx_word' id='word_1_311' title='bbox 629 3905 787 3963; x_wconf 78' lang='lat' dir='ltr'>Facundius</span> <span class='ocrx_word' id='word_1_312' title='bbox 811 3908 838 3961; x_wconf 92' lang='lat' dir='ltr'>in</span> <span class='ocrx_word' id='word_1_313' title='bbox 854 3907 922 3963; x_wconf 86' lang='lat' dir='ltr'>Lex.</span> <span class='ocrx_word' id='word_1_314' title='bbox 937 3907 966 3962; x_wconf 86' lang='lat' dir='ltr'>h.</span> <span class='ocrx_word' id='word_1_315' title='bbox 982 3923 1011 3962; x_wconf 86' lang='lat' dir='ltr'>v.</span> <span class='ocrx_word' id='word_1_316' title='bbox 1033 3907 1228 3978; x_wconf 82' lang='lat' dir='ltr'>iuterpretatur</span> <span class='ocrx_word' id='word_1_317' title='bbox 1245 3908 1297 3962; x_wconf 90' lang='lat' dir='ltr'>im-</span> 
     </span>
     <span class='ocr_line' id='line_1_39' title="bbox 205 3988 1299 4064; baseline 0.003 -19"><span class='ocrx_word' id='word_1_318' title='bbox 205 4003 338 4056; x_wconf 80' lang='lat' dir='ltr'>mensum,</span> <span class='ocrx_word' id='word_1_319' title='bbox 355 3988 481 4057; x_wconf 84' lang='lat' dir='ltr'>immune,</span> <span class='ocrx_word' id='word_1_320' title='bbox 497 4006 617 4061; x_wconf 89' lang='lat' dir='ltr'>quocum</span> <span class='ocrx_word' id='word_1_321' title='bbox 632 3991 690 4046; x_wconf 87' lang='lat' dir='ltr'>tere</span> <span class='ocrx_word' id='word_1_322' title='bbox 707 3993 837 4064; x_wconf 84' lang='lat' dir='ltr'>congruit</span> <span class='ocrx_word' id='word_1_323' title='bbox 850 3991 959 4048; x_wconf 87' lang='lat' dir='ltr'>Wassii</span> <span class='ocrx_word' id='word_1_324' title='bbox 975 3992 1080 4064; x_wconf 90' lang='lat' dir='ltr'>opinio,</span> <span class='ocrx_word' id='word_1_325' title='bbox 1093 3993 1233 4050; x_wconf 75' lang='lat' dir='ltr'>excelsum</span> <span class='ocrx_word' id='word_1_326' title='bbox 1250 4008 1299 4048; x_wconf 85' lang='lat' dir='ltr'>err·</span> 
     </span>
     <span class='ocr_line' id='line_1_40' title="bbox 205 4073 1292 4148; baseline 0.004 -20"><span class='ocrx_word' id='word_1_327' title='bbox 205 4073 347 4146; x_wconf 88' lang='lat' dir='ltr'>plicantis.</span> <span class='ocrx_word' id='word_1_328' title='bbox 384 4073 439 4130; x_wconf 82' lang='lat' dir='ltr'>Alii</span> <span class='ocrx_word' id='word_1_329' title='bbox 454 4077 621 4134; x_wconf 89' lang='lat' dir='ltr'>vccabulum</span> <span class='ocrx_word' id='word_1_330' title='bbox 639 4082 800 4148; x_wconf 90' lang='lat' dir='ltr'>corruptum</span> <span class='ocrx_word' id='word_1_331' title='bbox 815 4077 867 4132; x_wconf 88' lang='lat' dir='ltr'>rati</span> <span class='ocrx_word' id='word_1_332' title='bbox 884 4077 964 4134; x_wconf 88' lang='lat' dir='ltr'>varia</span> <span class='ocrx_word' id='word_1_333' title='bbox 981 4083 1133 4146; x_wconf 87' lang='lat' dir='ltr'>tentarunt,</span> <span class='ocrx_word' id='word_1_334' title='bbox 1151 4081 1180 4132; x_wconf 90' lang='lat' dir='ltr'>ut</span> <span class='ocrx_word' id='word_1_335' title='bbox 1195 4075 1292 4134; x_wconf 85' lang='lat' dir='ltr'>Carrio</span> 
     </span>
     <span class='ocr_line' id='line_1_41' title="bbox 205 4159 1292 4234; baseline 0.005 -21"><span class='ocrx_word' id='word_1_336' title='bbox 205 4162 235 4214; x_wconf 85' lang='grc' dir='ltr'>κἰι</span> <span class='ocrx_word' id='word_1_337' title='bbox 243 4175 343 4230; x_wconf 81' lang='lat' dir='ltr'>prora,</span> <span class='ocrx_word' id='word_1_338' title='bbox 358 4159 469 4232; x_wconf 91' lang='lat' dir='ltr'>Lipsius</span> <span class='ocrx_word' id='word_1_339' title='bbox 477 4161 590 4234; x_wconf 82' lang='lat' dir='ltr'>Antiqq.</span> <span class='ocrx_word' id='word_1_340' title='bbox 611 4161 739 4218; x_wconf 88' lang='lat' dir='ltr'>Lectt.H.</span> <span class='ocrx_word' id='word_1_341' title='bbox 752 4177 776 4217; x_wconf 90' lang='lat' dir='ltr'>c.</span> <span class='ocrx_word' id='word_1_342' title='bbox 786 4166 814 4220; x_wconf 83' lang='lat'>4.</span> <span class='ocrx_word' id='word_1_343' title='bbox 829 4164 857 4218; x_wconf 85' lang='lat' dir='ltr'>im</span> <span class='ocrx_word' id='word_1_344' title='bbox 866 4164 979 4234; x_wconf 70' lang='grc' dir='ltr'>ρινονιόἸ</span> <span class='ocrx_word' id='word_1_345' title='bbox 989 4162 1140 4219; x_wconf 86' lang='lat' dir='ltr'>Putschius</span> <span class='ocrx_word' id='word_1_346' title='bbox 1155 4165 1292 4234; x_wconf 73' lang='grc' dir='ltr'><strong><em>ιἰιρκρρί,</em></strong></span> 
     </span>
     <span class='ocr_line' id='line_1_42' title="bbox 208 4243 1290 4324; baseline 0.004 -24"><span class='ocrx_word' id='word_1_347' title='bbox 208 4243 324 4304; x_wconf 81' lang='lat' dir='ltr'>Golcrus</span> <span class='ocrx_word' id='word_1_348' title='bbox 346 4245 558 4322; x_wconf 78' lang='lat' dir='ltr'>immutilato</span> <span class='ocrx_word' id='word_1_349' title='bbox 579 4262 698 4324; x_wconf 80' lang='lat' dir='ltr'>corpore</span> <span class='ocrx_word' id='word_1_350' title='bbox 718 4247 887 4322; x_wconf 82' lang='lat' dir='ltr'>improbe.</span> <span class='ocrx_word' id='word_1_351' title='bbox 932 4245 992 4307; x_wconf 88' lang='lat' dir='ltr'>Sed</span> <span class='ocrx_word' id='word_1_352' title='bbox 1009 4247 1079 4307; x_wconf 90' lang='lat' dir='ltr'>nihil</span> <span class='ocrx_word' id='word_1_353' title='bbox 1091 4247 1193 4314; x_wconf 80' lang='lat' dir='ltr'>borum</span> <span class='ocrx_word' id='word_1_354' title='bbox 1208 4264 1290 4322; x_wconf 77' lang='lat' dir='ltr'>opus.</span> 
     </span>
    </p>
   </div>
   <div class='ocr_carea' id='block_1_7' title="bbox 0 0 1536 4958">
    <p class='ocr_par' dir='ltr' id='par_1_8' title="bbox 0 0 1536 4958">
     <span class='ocr_line' id='line_1_43' title="bbox 0 0 1536 4958; baseline 0 0"><span class='ocrx_word' id='word_1_355' title='bbox 0 0 1536 4958; x_wconf 95' lang='lat' dir='ltr'> </span> 
     </span>
    </p>
   </div>
  </div>
 </body>
</html>
