3062 4958
222 344 285 410 ³38
598 347 629 406 d.
651 347 824 406 SALLUSTI
847 346 961 406 GRISPI

280 554 284 560 ·
325 543 377 609 59.
420 535 575 608 Pelorum
596 534 857 626 promontorium
874 532 1004 605 Siciliae
1030 535 1097 620 est,
1117 531 1311 626 [recordant

159 768 161 772 Ι
224 660 435 754 Sallustium]
454 661 574 732 dictum
594 684 614 731 a
633 661 857 754 gubernatore
875 658 1069 730 Hannibalis
1085 657 1150 728 illic
1167 657 1310 750 sepulto.

226 870 322 926 verbis
343 869 372 925 id
393 866 546 942 significari
569 874 683 941 censet,
705 866 781 939 quod
806 866 906 924 Graeci
930 858 1087 944 τριτομίοιν
1105 865 1210 922 dicunt.
1232 864 1312 933 Quae

227 955 419 1028 interpretatio
440 970 524 1025 quum
542 969 592 1025 pcr
608 971 638 1008 se
656 954 727 1009 ialsa
742 954 778 1008 sit
792 946 947 1030 (τρικυμία
963 951 1037 1006 enim
1060 951 1145 1008 latine
1166 957 1210 1007 est
1228 951 1311 1006 desu-

226 1057 326 1097 mnnus
339 1041 463 1112 flumas),
479 1043 535 1093 tum
550 1033 680 1095 abhorret
696 1040 730 1094 ab
747 1054 780 1093 eo
796 1040 868 1110 loco,
882 1037 928 1093 ubi
941 1037 1013 1094 haec
1030 1038 1117 1092 verba
1135 1037 1207 1092 lecta
1222 1036 1312 1092 luisse

158 1192 160 1196 ,
227 1131 448 1184 consentaneum
462 1129 513 1180 est.
535 1124 575 1179 lte
592 1123 750 1197 Charybdis
766 1125 872 1180 vertice
887 1123 961 1179 enim
976 1123 1049 1179 hoec
1065 1120 1140 1180 dicta
1153 1137 1217 1178 esse
1232 1119 1312 1177 dubi·

228 1219 285 1267 tare
303 1229 360 1268 non
376 1215 470 1269 sinunt
483 1213 572 1265 verba
585 1208 686 1265 Isidori
700 1209 777 1279 XIII,
795 1215 841 1279 18,
865 1216 889 1268 5.
923 1209 992 1264 Ter
1012 1212 1104 1265 cotan
1122 1209 1152 1263 r'rr
1173 1208 1218 1263 dre
1233 1209 1315 1280 eripit

224 1299 326 1370 fluebat
343 1304 370 1352 ct
397 1303 452 1353 ier
470 1295 604 1353 obsorbet.
634 1294 775 1368 TetigIsse
797 1302 890 1352 autern
908 1293 1020 1352 videtur
1043 1292 1193 1350 Sallustius
1214 1307 1311 1350 eorum

229 1385 405 1455 opinionem,
424 1384 470 1454 qni
494 1383 593 1436 iretum
615 1380 740 1438 Siculum
762 1387 803 1437 ter
824 1381 853 1436 ln
873 1379 918 1436 die
942 1380 1123 1451 reciprocare
1149 1385 1311 1445 statuerent,

230 1468 466 1540 quemadmodum
487 1468 542 1522 iarn
564 1471 608 1522 est
628 1465 705 1539 apud
724 1467 874 1522 Homerum
898 1464 950 1522 Od.
972 1465 1039 1533 XII,
1063 1467 1115 1524 104
1136 1481 1178 1536 sq.
1215 1462 1265 1541 Τῷ
1279 1450 1310 1518 d'

228 1541 288 1610 ὑπὸ
313 1551 364 1610 δῖα
384 1542 540 1628 Χάρυβδις
556 1543 752 1630 ἀναρροιβδεῖ
767 1545 860 1626 μέλαν
877 1540 968 1626 ὕδωρ.
1001 1542 1081 1627 τρὶς
1098 1542 1165 1623 μὲν
1185 1536 1260 1626 γὰρ
1282 1535 1310 1604 τ’

230 1626 386 1714 ἀνίησιν
404 1623 458 1694 ἐπ’
476 1627 607 1712 ἤματι,
636 1631 714 1714 τρὶς
736 1624 766 1692 rl’
787 1623 1016 1714 ἀναροιβδεῖ
1033 1623 1168 1692 δεινόν.
1197 1633 1312 1690 Falsum

230 1725 380 1793 essehoc,
396 1739 486 1794 neque
503 1723 617 1793 saepius
633 1738 717 1794 quarn
730 1723 773 1778 bis
789 1723 817 1776 In
835 1721 881 1777 die
896 1721 1147 1794 reciprocationem
1166 1719 1227 1774 fieri
1247 1737 1313 1775 con-

231 1809 318 1866 tendit
337 1808 437 1865 Strabo
458 1808 479 1862 1.
496 1823 523 1878 p.
541 1810 584 1865 ’15.
602 1807 634 1862 Β.
654 1807 753 1864 Almel.
775 1814 801 1864 et
821 1825 851 1880 p.
867 1811 912 1867 95.
929 1803 963 1862 Β.
991 1791 1077 1862 Κατὰ
1097 1791 1153 1880 τὴν
1167 1792 1314 1862 ὑπόθεσιν

230 1891 370 1951 τοσοῦτον
384 1887 476 1949 εἰπεῖν
493 1881 623 1967 ἀπόχρη,
637 1879 683 1948 ὅτι
698 1880 767 1948 οὐδὲ
781 1881 822 1961 εἷς
836 1882 942 1992 τρόπος
954 1889 1007 1948 τοῦ
1022 1885 1142 1968 ῥοώδεις
1155 1879 1232 1948 εἶναι
1245 1879 1314 1958 τοὺς

230 1965 402 2057 πορθμοὺς,
420 1965 469 2054 ὅγε
486 1963 552 2033 κατ’
569 1967 655 2046 εἶδος.
685 1964 726 2034 ori
748 1963 818 2055 peip
839 1964 920 2034 ανὸ
941 1969 1007 2051 μὲν
1027 1963 1235 2045 Σικελικὸς
1255 1969 1314 2044 δὶς

232 2053 393 2138 ἑκάστης
409 2051 553 2140 ἡμέρας
569 2057 789 2138 μετέβαλεν,
811 2049 883 2120 ὅδὲ
897 2049 1134 2130 incrustando
1149 2051 1313 2134 ἑπτάκις,

234 2169 260 2209 a.
276 2167 301 2207 τ.
315 2150 339 2210 l..
353 2150 446 2219 Quare
461 2149 596 2205 coniicias
604 2148 767 2206 Sallustium
779 2165 889 2221 quoque
904 2149 1097 2221 discrepantes
1113 2148 1148 2204 de
1161 2165 1196 2204 es
1207 2163 1238 2204 re
1252 2163 1317 2204 sen·

231 2238 332 2293 tentias
351 2237 379 2292 in
397 2235 628 2307 disceptationem
646 2251 778 2291 vocasse.

316 2323 362 2378 Fr.
377 2325 421 2380 39.
438 2319 525 2392 [Cori.
538 2337 569 2393 p.
583 2326 662 2379 1010.
680 2321 754 2376 Geri.
771 2321 816 2375 ed.
831 2320 899 2375 mai.
913 2320 971 2374 Inc.
988 2323 1049 2379 195.
1068 2317 1114 2374 ed.
1127 2319 1193 2374 min.
1207 2318 1256 2388 IV,
1270 2323 1316 2378 93.

232 2427 261 2483 p.
274 2411 338 2476 227,
353 2410 396 2465 14.
412 2408 496 2462 Debr.
512 2407 560 2475 IV,
573 2406 632 2474 oa]
653 2405 748 2462 Verba
764 2408 893 2478 leguntur
908 2403 985 2478 apud
999 2403 1080 2461 Serv.
1097 2404 1134 2460 ad
1151 2406 1230 2476 Virg.
1243 2405 1315 2461 Aen.

116 2483 120 2494 ¹
233 2495 278 2562 ru,
294 2496 356 2550 nr.
371 2491 477 2547 nauem
493 2490 575 2546 area
590 2490 656 2545 un.
672 2489 747 2557 xrv,
763 2493 788 2559 r,
807 2495 832 2550 4.
850 2489 1022 2563 rnrerposnrs
1036 2498 1102 2562 post
1116 2489 1226 2546 sorana
1248 2490 1317 2545 uuo·

232 2583 286 2636 bus
303 2578 450 2635 ‘vocabulis
465 2577 616 2648 respiciens
630 2575 805 2646 Aquilonem,
827 2593 900 2648 quae
915 2593 971 2632 non
987 2592 1052 2632 esse
1065 2575 1190 2632 Sallustii
1205 2581 1317 2648 praeter

234 2663 327 2720 Servii
345 2661 563 2734 discrepantiam
580 2661 733 2716 insolenter
749 2669 915 2734 usurpatum
931 2663 1073 2735 respicere
1086 2664 1203 2718 verbum
1216 2661 1318 2734 arguit.

234 2749 298 2804 Non
317 2747 409 2818 magis
425 2747 596 2804 Sallustiana
618 2751 698 2819 sunt,
723 2756 796 2819 quae
817 2747 894 2820 apud
909 2745 1040 2804 Servium
1061 2746 1158 2803 addita
1172 2747 1316 2820 leguntur:

234 2835 282 2905 prrr'
298 2831 396 2904 suerat
411 2834 518 2889 onasus
531 2847 586 2904 per
605 2833 679 2905 repis
690 2834 887 2906 lycomedem,
909 2850 992 2905 quum
1005 2847 1035 2889 re
1049 2835 1108 2890 clus
1129 2833 1190 2889 dolo
1198 2838 1319 2906 propter

235 2920 377 2990 angustias
387 2917 457 2990 freti
468 2918 596 2973 erederet
608 2933 668 2974 erre
681 2919 836 2992 deceptum,
859 2920 968 2975 veniens
982 2919 1017 2973 de
1031 2917 1140 2974 Petilio.
1180 2919 1317 2974 Nimirum

236 3003 353 3060 Servius
372 3004 433 3075 lpse
448 3003 520 3060 haec
536 3003 655 3072 adiecit,
673 3021 717 3074 ne,
733 3021 818 3078 quum
834 3002 983 3060 Sallustius
999 3005 1142 3077 vulgatam
1163 3005 1266 3060 lauram
1282 3003 1318 3058 de
1343 3057 1346 3062 .

230 3089 327 3144 Pelori
348 3091 462 3144 nomine
485 3089 622 3162 tetigisset
636 3095 758 3157 lantum,
784 3093 903 3146 lectores
922 3091 1072 3145 illatorem
1090 3091 1259 3162 ignorarant.
1274 3091 1319 3144 cl.

235 3175 310 3230 Mela
324 3175 358 3244 Il,
379 3176 463 3244 7,15.
513 3175 605 3232 Cauca
621 3177 738 3230 nominis
761 3175 913 3233 Pelorus
930 3175 1099 3249 prtbernctor
1113 3173 1320 3231 abirla'rrnibole

234 3259 332 3316 ibidem
350 3261 483 3329 cauas,
498 3275 577 3331 quem
595 3260 667 3315 idem
688 3261 730 3329 oir
745 3259 889 3332 profugus
907 3276 944 3317 erc
961 3259 1063 3333 Africo
1085 3277 1120 3316 ac
1135 3255 1242 3334 plemen
1257 3261 1318 3317 loca

237 3345 350 3418 Βρτίαοτ
360 3353 466 3418 petens,
482 3346 548 3416 prtia
556 3341 789 3416 procblxr'rrtirenti
801 3345 961 3402 cidebonbrr
975 3349 1104 3402 contnuo
1122 3361 1182 3402 esec
1193 3347 1278 3416 'litero
1294 3351 1323 3402 et

236 3427 292 3486 non
302 3432 430 3502 pervim
441 3431 567 3502 peloprrs,
577 3421 719 3500 proditum
733 3445 764 3485 se
777 3431 928 3487 arbitratur
942 3431 1090 3487 occiderat.
1123 3433 1219 3486 Valer.
1241 3432 1316 3502 Illax.

237 3515 285 3582 IX,
299 3519 326 3584 8,
343 3522 397 3570 ext.
413 3521 438 3572 1.
482 3513 577 3569 lllirrro
599 3515 690 3568 minor
708 3517 787 3588 apud
798 3522 901 3572 nucem
920 3523 946 3572 et
960 3531 1073 3572 saecum
1096 3517 1240 3575 Arabeta
1260 3517 1319 3571 arri·

237 3599 597 3678 orumdeferrsjiorcr'tlocum
610 3591 724 3656 innoxio
735 3601 915 3674 gubernatori
928 3619 984 3658 non
995 3602 1093 3674 fuisse,
1114 3617 1212 3674 prtem„
1233 3601 1319 3657 o-Pe·

238 3685 294 3740 lilia
308 3685 398 3740 emese
408 3679 539 3755 Africam
553 3689 692 3755 repetens,
712 3684 787 3758 frelo
801 3689 950 3759 appulsus,
963 3687 1035 3744 Ιἀντι
1055 3692 1111 3742 tam
1125 3703 1217 3760 porco
1231 3687 1322 3760 spolio

238 3768 349 3824 Iratam
365 3767 541 3838 Siciliamque
554 3770 626 3824 inter
639 3785 669 3825 se
684 3772 787 3828 diuisas
807 3773 972 3842 concredit,
991 3773 1064 3828 celui
1080 3773 1239 3828 τ’πτίοὸοτνπ
1258 3787 1322 3828 οντ-

238 3869 287 3909 τντ
302 3858 437 3909 rectorem
450 3855 591 3923 increuit,
601 3861 752 3930 parboque
765 3859 918 3930 diligentius
930 3859 1054 3930 inspecta
1069 3859 1182 3914 ventare
1195 3863 1260 3914 acac
1274 3857 1322 3911 cl>

239 3939 325 4006 soluit,
343 3949 427 4010 quum
447 3941 505 3993 eins
520 3940 689 3998 maurentino
705 3942 777 3998 nibil
791 3945 867 3998 ultra
887 3943 1030 4016 rapacum·
1046 3943 1178 3999 honorem
1188 3944 1261 4000 'don‘
1269 3957 1322 4014 po

241 4024 297 4080 tull.
341 4022 431 4094 Igitur
449 4027 560 4096 αττρνοτί
575 4032 656 4098 alque
670 4030 791 4082 οοτινοοί
809 4029 896 4094 morit
917 4030 971 4084 cllo
994 4043 1009 4083 e
1029 4029 1129 4084 lamule
1149 4029 1324 4100 rpemtlctrr'cc

240 4113 331 4163 statuo
349 4113 404 4163 tam
419 4113 566 4166 memoriae
578 4111 680 4182 Pelori,
695 4128 778 4183 quam
792 4113 917 4168 Ρνπὲοαο
931 4115 1089 4170 temeritatis
1108 4114 1183 4169 utra
1200 4113 1326 4184 et'l'rcpue

240 4195 424 4266 mclpontr'rtm
439 4197 574 4252 oculatum
589 4197 718 4254 ludicram
733 4203 781 4252 cst.
796 4242 800 4252 .
814 4197 904 4254 Siron
921 4200 942 4254 Ι.
959 4217 989 4272 p.
1004 4201 1047 4259 19.
1065 4198 1095 4256 C.
1111 4198 1212 4256 A'Imel.
1244 4191 1324 4274 Πέρ-

242 4290 292 4336 σαι
305 4272 341 4336 'dl
356 4273 416 4338 aul
427 4278 555 4358 Λίβυες,
576 4267 645 4350 τοὺς
662 4269 820 4360 πορθμοὺς
839 4271 1060 4359 ὑπονοήσαντες
1081 4273 1158 4341 εἶναι
1181 4282 1234 4341 τοῦ
1248 4282 1329 4348 πλοῦ
