3062 4958
230 351 293 416 aba
590 355 618 416 C.
642 353 815 414 SALLUSTI
838 351 950 414 oursel

332 546 383 612 51.
426 541 489 628 Qui
509 541 640 637 quidem
661 564 734 613 mos
756 545 793 612 ut
811 541 905 614 tabes
922 541 954 611 in
974 539 1088 610 urbem
1115 537 1239 609 coierit.

333 674 385 738 60.
427 668 463 738 L.
484 668 645 739 Hostilius
665 665 830 738 Dasianus
848 665 978 761 inquies
1001 661 1109 736 animi.

332 797 384 864 ol.
428 792 623 866 Sestertium
645 793 756 864 tricies
782 791 909 886 pepigit
936 814 956 861 a
976 789 1058 862 Gaio
1081 789 1213 862 Pisone.

232 1037 292 1093 ubi
317 1037 366 1106 id,
390 1036 482 1108 quod
500 1037 653 1091 maxime
678 1037 894 1108 exspectari
919 1033 1126 1106 uidebatur,
1145 1032 1316 1101 ostendit,

231 1135 267 1178 te
282 1121 511 1179 tribuniciam
521 1125 737 1192 potestatem
751 1123 980 1189 restiturum,
995 1117 1090 1190 suatur
1105 1125 1145 1174 eat
1158 1121 1186 1174 tm
1200 1133 1232 1172 oo
1244 1124 1317 1172 atre·

227 1210 304 1278 ptos
318 1214 344 1263 et
356 1213 437 1280 prata
455 1199 596 1266 condoma
604 1205 833 1262 admurmuratio.
861 1204 939 1262 Idem
949 1207 978 1260 io
990 1205 1086 1260 oudam
1096 1205 1221 1260 roattome
1234 1219 1318 1274 mmor

232 1293 347 1349 amaret
363 1293 515 1365 populous
534 1299 703 1364 remotasque
724 1306 784 1346 esse
803 1292 979 1363 prouincias,
995 1290 1095 1344 amau
1111 1294 1203 1344 autom
1223 1290 1317 1359 turpia

231 1393 267 1432 ac
279 1379 417 1451 floptdosa
436 1379 517 1449 stem
533 1378 559 1432 et
576 1377 622 1432 rei
638 1391 668 1432 se
686 1377 839 1450 promtiore
856 1392 891 1431 oo
910 1375 1054 1431 consulere
1075 1376 1156 1430 aetla.-
1176 1378 1230 1430 tum
1251 1387 1317 1428 uero

231 1479 286 1518 aon
306 1466 435 1536 strepitu,
449 1463 499 1518 aad
512 1464 634 1518 mumtmo
652 1463 773 1522 elamore
786 1477 866 1517 suom
876 1461 999 1533 popalus
1017 1459 1161 1515 Romanas
1174 1458 1314 1531 aipatfico-

232 1551 268 1622 m't
280 1550 453 1604 uoluntatem·
482 1548 524 1604 Ex
544 1563 598 1620 quo
614 1545 758 1604 Ciceronis
774 1549 837 1602 loeo
854 1562 938 1618 quum
955 1545 1121 1618 plenissime
1137 1545 1316 1615 intelligatur,

232 1649 287 1706 quo
305 1651 393 1692 sensu
410 1633 555 1702 osteadens
576 1631 655 1704 apud
675 1631 838 1689 Sallustium
854 1631 976 1704 positum
998 1631 1048 1699 sit,
1069 1647 1122 1702 per
1142 1647 1174 1686 se
1194 1627 1317 1685 considit

232 1719 295 1774 Van
308 1717 358 1774 der
371 1717 510 1779 Hoevenii
522 1719 541 1772 l.
554 1719 573 1772 l.
590 1717 714 1789 suspicio
727 1717 877 1790 obreptans
890 1719 924 1773 ab
935 1722 1050 1772 auctore
1065 1719 1201 1788 seriptum
1212 1715 1316 1782 luisse3

232 1819 324 1875 neque
347 1804 441 1860 verior
463 1803 577 1860 Liukeri
594 1809 637 1858 est
655 1803 816 1858 coniectura
837 1804 865 1859 in
887 1803 980 1859 libello
1001 1801 1037 1856 de
1058 1799 1143 1858 Sall.
1165 1801 1316 1856 ilistorr.
1422 1831 1425 1836 ·

231 1904 385 1960 prooem.
402 1905 430 1959 p.
449 1893 491 1946 15.
512 1888 657 1960 proposita
679 1888 867 1960 „multitudini
887 1903 918 1943 re
937 1886 1121 1944 ostendeusf‘
1151 1915 1188 1928 -
1219 1885 1316 1958 capta

231 1975 358 2048 Pompeii
379 1979 507 2046 spectare
527 1974 652 2045 putanda
670 1981 735 2029 suut
757 1973 795 2029 ad
814 1985 951 2030 summam
972 1974 1111 2044 nullisque
1132 1973 1235 2028 linibus
1262 1971 1317 2027 oir-

232 2060 431 2131 eumsariplam
457 2060 486 2114 in
511 2060 655 2132 republica
676 2062 849 2132 potentiana,
880 2075 965 2131 quam
990 2064 1090 2132 postea
1116 2057 1236 2130 adeptus
1263 2061 1315 2112 est.

233 2144 406 2204 Substantivi
426 2150 564 2217 potestate
584 2145 639 2202 hoo
662 2147 831 2202 vocabulum
848 2146 995 2216 usurpavit
1009 2145 1093 2200 etiam
1110 2144 1225 2200 Tacitus
1241 2142 1315 2200 Anu.

231 2230 280 2300 lV,
296 2235 324 2300 3,
340 2237 367 2290 1.
399 2231 516 2303 Nepotes
531 2231 619 2288 adalta·
630 2247 737 2288 ntorum
752 2233 884 2302 cupitis
899 2229 1063 2301 afferebant.

309 2317 387 2386 Quae
403 2323 556 2388 sequuntur
572 2317 626 2375 tria
636 2318 765 2387 proxima
779 2317 950 2389 Fragmenta
959 2315 1004 2370 ita
1019 2315 1136 2388 quidem
1154 2319 1316 2387 comparata

231 2407 312 2475 sunt,
335 2408 378 2469 ut,
404 2419 487 2475 quum
509 2402 537 2458 in
562 2408 740 2458 externarum
765 2404 859 2458 lerum
881 2400 1039 2456 narratione
1059 2403 1133 2458 lecta
1151 2401 1239 2458 luisse
1258 2416 1316 2455 non

163 2544 167 2552 ,
232 2487 390 2562 videantur,
414 2487 451 2542 ad
467 2490 635 2544 urbanarum
650 2500 746 2542 rerum
761 2488 966 2560 expositionem
981 2488 1153 2558 pertinuisse
1169 2486 1316 2542 coniicias.

230 2573 418 2630 Nihilominus
439 2577 516 2628 tanta
532 2577 576 2628 est
595 2589 692 2628 eorum
708 2573 881 2643 obscuritas,
906 2578 936 2628 ut
950 2571 985 2628 de
1000 2572 1137 2646 probabili
1153 2571 1316 2645 interpreta-

233 2659 309 2713 tione
328 2649 539 2730 desperaudum
553 2658 599 2714 sit.

316 2745 364 2800 Fr.
377 2747 422 2802 59.
455 2741 542 2812 [Cart.
564 2742 593 2816 ρ.
615 2748 677 2805 981.
702 2744 776 2800 Gerl.
795 2745 832 2801 ed
847 2744 913 2800 mai.
929 2739 976 2814 lV,
990 2749 1018 2806 9.
1037 2750 1065 2799 et
1078 2743 1145 2798 min.
1161 2743 1210 2814 IV,
1224 2745 1269 2802 31.
1284 2759 1315 2816 p.

231 2833 293 2898 iffi,
314 2835 341 2888 5.
365 2829 449 2888 Debr.
470 2829 567 2898 1,19.]
595 2831 696 2886 Festus
715 2849 744 2886 v.
761 2831 850 2903 tabeo,
870 2847 899 2902 p.
914 2831 978 2889 173.
996 2830 1043 2887 ed.
1061 2829 1189 2885 Lindum.
1219 2828 1318 2885 coierat

231 2917 319 2972 verbo
341 2914 402 2971 sine
427 2915 530 2975 idonea
549 2933 653 2974 aaussa
671 2915 774 2973 offensi
797 2917 921 2974 editores
953 2915 1019 2971 inde
1044 2933 1061 2971 a
1083 2914 1217 2972 Garrio‘ne
1246 2913 1316 2969 seri-

231 3007 349 3074 pserunt
368 3003 518 3072 cumr'eetas,
547 3003 623 3074 quad
639 3004 687 3061 viu
706 3004 821 3059 latinum
843 3009 898 3058 est.
943 3001 1026 3056 Nulla
1050 3006 1142 3057 autern
1159 2999 1314 3056 mutatione

232 3103 304 3160 opus
323 3103 388 3143 esse
411 3087 493 3143 laeile
512 3087 665 3163 intelliget,
681 3089 728 3160 qui
748 3089 921 3162 reputaverit
942 3087 1061 3144 alieuius
1076 3088 1230 3142 orationem
1245 3086 1315 3141 obli·
1386 3073 1402 3098 ⁸

233 3188 316 3244 quam
337 3172 382 3230 his
403 3173 515 3242 haberi,
544 3173 591 3246 qui
611 3189 732 3246 pravum
746 3175 897 3230 turbarum
917 3188 1025 3228 rnorem
1047 3189 1064 3228 a
1085 3172 1202 3229 tribunis
1221 3171 1313 3244 plebis

232 3265 367 3330 perpetuo
382 3259 564 3316 excitaturum
583 3259 708 3332 graviter
723 3259 888 3329 exagitaret.
926 3255 1054 3315 Ceterum
1069 3257 1201 3314 diationis
1216 3259 1245 3312 im
1263 3273 1313 3313 ur-

231 3346 291 3400 bem
313 3347 388 3400 coire
408 3361 444 3402 ea
463 3346 534 3400 ratio
555 3349 613 3413 est,
635 3350 665 3400 ut
683 3345 854 3416 praegnanti
876 3359 965 3400 sensu
984 3343 1157 3418 significetur
1171 3359 1248 3413 mos,
1267 3343 1316 3415 patr*

232 3430 328 3486 arbem
343 3432 462 3488 latraret
474 3433 502 3486 in
515 3443 602 3501 eoquo
614 3427 799 3485 inmtesceret.
1296 3451 1298 3454 ·

316 3515 362 3572 Fr.
378 3521 423 3576 60.
453 3515 552 3584 [Deest
571 3513 648 3587 apud
674 3511 758 3584 Cart,
782 3513 856 3570 Gerl.
878 3514 926 3570 ed.
948 3516 1014 3572 mai.
1035 3520 1062 3570 et
1082 3514 1167 3570 Debr.
1181 3539 1223 3554 -
1239 3512 1314 3569 Gerl.

234 3600 281 3656 ed.
297 3601 363 3656 min.
375 3601 422 3670 lV,
436 3604 482 3660 33.
494 3613 523 3672 p.
534 3603 596 3668 118,
607 3599 647 3666 5.]
677 3599 874 3672 Fragmentum
889 3615 990 3656 reeens
1006 3599 1116 3656 aceedit
1128 3615 1165 3654 ex
1181 3598 1313 3654 Arusiani

234 3686 299 3742 aod.
317 3684 389 3742 Gud.
410 3701 441 3741 v.
460 3685 581 3760 inquies,
599 3698 628 3755 p.
648 3689 709 3744 141.
725 3684 914 3743 ed..Lindem.
945 3687 977 3741 ln
992 3686 1105 3742 nomine
1121 3685 1174 3740 viri
1190 3689 1313 3739 aeterum

232 3771 321 3844 ignoti
349 3770 453 3827 erravit
480 3767 703 3840 Lindemannus,
729 3771 791 3842 qui,
815 3789 899 3844 quum
925 3773 953 3827 in
978 3771 1042 3828 aod
1067 3769 1139 3826 Gud.
1160 3769 1315 3828 invenisset

232 3856 377 3924 Hostibus,
397 3857 469 3910 salso
484 3854 549 3911 inde
565 3855 629 3912 leeit
643 3855 770 3928 Hostius,
789 3874 940 3914 assensum
955 3863 1047 3914 tamen
1062 3860 1160 3912 nactus
1175 3851 1314 3910 Gerlaehii

234 3943 262 3997 iu
279 3940 326 3996 ed.
341 3941 409 3998 min.
442 3942 634 4014 Incorruptum
648 3959 750 4016 nomen
768 3959 804 3998 ex
826 3941 890 3998 aod.
906 3942 983 3998 Leid.
1000 3941 1113 4014 protulit
1128 3939 1314 3996 Ruhnkenius

235 4027 272 4083 ad
296 4027 369 4082 Vell.
390 4028 430 4097 Il,
452 4031 503 4098 58,
525 4032 563 4097 3.,
587 4029 632 4084 ubi
648 4028 685 4084 de
699 4027 840 4086 adieetivo
857 4029 976 4100 amputes,
998 4027 1136 4100 disputat,
1157 4023 1193 4080 de
1208 4041 1263 4097 quo
1277 4024 1314 4078 el.

233 4114 347 4185 Fragm.
368 4113 538 4185 1111115.
583 4115 625 4170 Ex
645 4113 700 4170 hoe
721 4113 783 4184 ipso
805 4118 898 4169 autem
912 4113 1051 4169 vocabulo
1071 4111 1207 4168 eauiioias
1224 4110 1315 4164 Hosti-

121 4203 123 4206 '
235 4201 302 4258 lium
318 4200 389 4260 inter
404 4217 454 4256 eos
475 4201 579 4272 luisse,
605 4199 653 4271 qui
667 4199 728 4254 sive
745 4198 782 4253 ad
797 4204 963 4271 potestatem
978 4196 1154 4255 tribuniciam
1170 4197 1316 4256 restituen-

236 4287 311 4358 dam,
330 4289 391 4346 sive
407 4288 558 4346 nobilitatis
575 4285 642 4341 odio
657 4285 805 4340 turbulenti
822 4291 926 4340 essent.
