3098 4970
237 403 280 472 76
614 406 644 462 C.
668 404 841 464 SALLUSTI
864 403 978 462 CRISPI
1066 417 1068 422 '
1170 432 1179 448 ·

162 651 168 660 .
238 619 379 694 quorum
399 594 534 664 simulat
561 593 692 680 iniuria,
717 595 777 666 sed
800 595 913 687 legum
934 617 976 664 ae
996 595 1155 666 libertatis
1178 595 1326 691 subvor-

237 724 369 794 tundae.
416 719 563 812 Angitur
595 721 681 792 enirn
714 745 752 792 ac
784 722 947 792 laceratur
974 722 1071 792 animi
1105 722 1257 813 cupidine
1293 727 1369 794 etll

238 869 401 920 noxarum
427 850 534 930 metu,
567 869 688 937 expers
717 847 850 932 consili,
876 848 1022 941 inquies,
1046 849 1129 918 haee
1153 851 1252 941 atque
1273 849 1329 918 illa

238 978 388 1061 tentans;
415 973 529 1043 metuit
555 973 673 1057 otium,
702 975 771 1044 odit
798 974 937 1061 bellum3
966 975 1046 1044 luxu
1070 977 1170 1066 atque
1199 973 1328 1044 lieentia

238 1100 415 1171 carendum
438 1098 545 1182 videt,
574 1100 673 1191 atque
701 1098 829 1168 interim
855 1096 999 1168 abutitur
1019 1101 1136 1168 vostra
1164 1071 1326 1176 socordia.

238 1229 353 1321 Neque
374 1225 453 1295 mihi
471 1224 552 1294 satis
574 1223 690 1326 consili
711 1227 778 1308 est,
800 1227 922 1292 metum
949 1246 992 1292 an
1014 1223 1182 1316 ignaviam
1200 1249 1242 1296 an
1264 1227 1370 1296 de-rn

238 1354 391 1426 mentiarn
410 1373 484 1422 cam
511 1349 691 1441 appellem,
722 1349 778 1444 qui
799 1349 954 1418 videmini
977 1350 1101 1421 intenta
1121 1352 1207 1422 mala
1233 1353 1327 1447 quasi

239 1513 421 1586 conclusione
437 1541 518 1580 usum
540 1543 558 1580 a
572 1525 679 1578 malore
707 1522 743 1578 ad
761 1523 853 1579 minus
868 1522 923 1579 hoc
939 1523 1049 1579 dicere:
1077 1527 1124 1597 qui
1139 1541 1199 1580 rem
1216 1527 1327 1597 gravio·

238 1633 297 1672 rern
313 1631 400 1669 ausus
422 1615 514 1678 esset,
533 1613 563 1664 at
578 1611 605 1664 in
623 1625 695 1681 pace
710 1610 813 1664 bellum
829 1608 912 1680 civile
929 1610 1079 1679 excitaret,
1098 1627 1162 1666 eum
1182 1617 1328 1668 eonsenta-
1535 1552 1544 1710 l

239 1715 324 1756 neum
336 1714 401 1752 esse
420 1695 504 1750 etlam
524 1696 616 1749 minus
634 1693 777 1749 difficilem
796 1691 912 1761 audere,
929 1701 958 1749 ut
975 1695 1049 1751 bello
1070 1696 1126 1750 tarn
1141 1701 1237 1751 exorto
1253 1697 1327 1752 ierro

239 1791 322 1856 atque
337 1781 451 1837 damma
473 1783 571 1837 urbem
588 1779 743 1834 Invaderet.
786 1778 846 1832 Hoc
872 1784 902 1834 ut
927 1795 984 1835 non
1010 1781 1197 1852 intelligerent
1218 1781 1327 1852 priores

239 1873 425 1939 interpretes,
442 1870 499 1919 turn
517 1866 546 1920 in
563 1879 652 1920 eausa
667 1863 756 1920 luisse
772 1863 885 1919 videtur
899 1865 962 1936 ipsa
975 1863 1060 1920 dictio
1078 1869 1231 1938 propter
1254 1882 1329 1923 aare

239 1955 277 2011 ab
294 1955 389 2025 ababa
403 1965 449 2018 re,
468 1968 524 2021 qua
541 1948 639 2004 Cicero
656 1947 760 2020 aliique
783 1965 869 2020 saepe
892 1953 1021 2020 utuntur,
1043 1956 1101 2006 turn
1116 1967 1251 2024 zeugma,
1272 1970 1327 2023 quo

240 2042 327 2095 altera
339 2038 494 2094 sententiae
506 2035 715 2107 comparativae
730 2051 812 2105 pars,
834 2049 878 2091 eor
887 2051 963 2108 pace
976 2035 1021 2091 ad
1033 2053 1132 2106 arara,
1156 2036 1193 2091 ad
1208 2037 1328 2092 eandem

241 2125 391 2180 dictionem
404 2122 534 2189 refertur,
550 2137 639 2176 sensu
653 2119 754 2192 magle,
771 2137 854 2191 quam
870 2123 1021 2177 verborum
1040 2127 1179 2178 structura
1191 2138 1252 2176 cam
1269 2139 1328 2178 rem

241 2209 404 2266 adiuvante.
426 2207 497 2262 Nam
515 2207 629 2280 proprie
646 2220 816 2277 progressas
830 2207 1012 2274 vocabulum,
1029 2224 1084 2278 quo
1097 2208 1125 2262 in
1141 2207 1328 2278 explicatione

165 2321 169 2326 ’
240 2295 296 2351 1οοί
312 2295 356 2348 usi
371 2307 485 2360 sumus,
504 2291 666 2364 ponendum
681 2297 750 2346 crat.
776 2321 821 2330 ψ
846 2291 887 2346 ue
912 2293 1008 2347 verbIs
1038 2287 1129 2348 baina
1158 2299 1184 2348 at
1206 2292 1329 2361 bumana

240 2381 358 2436 omnia
374 2395 403 2431 v.
420 2377 457 2432 ad
469 2377 530 2449 lag.
549 2395 573 2432 e.
591 2377 628 2430 V.
642 2382 668 2433 1.
679 2393 707 2447 p.
724 2380 769 2434 29.
792 2403 833 2415 -
854 2375 913 2432 Pro
927 2391 996 2445 aaa,
1012 2383 1061 2433 aut
1075 2394 1222 2450 quoram
1242 2379 1328 2434 sima-

240 2467 292 2533 lat,
306 2464 410 2518 macria
425 2477 483 2516 non
497 2478 549 2533 per
566 2461 757 2518 attractionem
770 2461 873 2516 (lictum
886 2467 943 2530 est,
964 2466 994 2517 ut
1006 2463 1099 2518 statuit
1110 2463 1273 2518 Perizonius
1291 2462 1328 2518 ad

240 2551 337 2607 Sanet.
353 2547 421 2602 llio.
433 2548 481 2614 IV,
496 2550 580 2620 ldp.
595 2549 655 2604 887.
672 2545 717 2601 ed.
731 2546 850 2614 Bauer.;
864 2562 920 2600 non
933 2551 1053 2601 mutatus
1070 2552 1113 2602 est
1127 2548 1202 2602 enim
1218 2549 1328 2604 relativi

186 2665 190 2674 ι
240 2651 340 2704 casus,
363 2632 416 2688 sed
432 2633 494 2687 eius
514 2636 652 2687 structura
666 2649 718 2703 per
733 2631 845 2700 ellipsin
867 2631 939 2686 alius
954 2631 1033 2685 verbi
1050 2635 1154 2686 tantum
1170 2632 1328 2700 obscurata,

241 2725 271 2776 ut
298 2722 375 2772 recte
396 2717 468 2772 vidit
495 2717 621 2772 Bauerus
652 2715 689 2770 ad
712 2715 818 2772 Sanctii
842 2717 860 2769 1.
874 2717 899 2770 -1,
925 2719 952 2770 et
967 2715 1122 2788 'Kriigerus
1150 2717 1179 2772 in
1198 2717 1270 2773 libro
1290 2719 1325 2773 dc

241 2803 415 2862 Attraotione
435 2805 504 2874 ling.
522 2794 611 2866 lat's.
628 2802 686 2859 107.
707 2817 735 2872 p.
753 2805 816 2860 265.
861 2799 1094 2872 simplicissimus
1117 2801 1201 2874 Igitur
1224 2819 1326 2858 sensus

242 2891 284 2946 sic
299 2889 436 2944 habetur:
459 2904 537 2942 arma
548 2887 622 2958 cepit
633 2901 690 2940 non
704 2903 755 2957 pro
778 2890 831 2942 sua
846 2891 1015 2955 sulcorum,
1032 2903 1149 2958 qaorum
1166 2903 1228 2943 cam
1242 2889 1326 2943 simu-

241 2978 279 3031 lat
299 2987 375 3043 aare,
398 2974 514 3040 inluria,
541 2973 560 3026 i.
580 2989 604 3027 e.
629 2988 685 3026 non
705 2988 756 3044 pro
779 2989 832 3026 sua
856 2978 903 3027 aut
922 2967 1050 3028 etatulata
1073 2973 1191 3030 alcoram
1209 2973 1324 3040 iniuria;

241 3061 277 3116 cl.
295 3058 353 3114 Cio.
368 3059 404 3114 de
420 3058 562 3125 011131,
583 3061 643 3116 118.
689 3057 746 3114 Nos
761 3059 907 3126 rmaamur,
923 3073 1007 3128 quor
1023 3061 1121 3130 cuique
1136 3061 1248 3114 uisum
1262 3064 1328 3119 est,-

240 3148 257 3201 i.
274 3163 299 3200 e.
315 3162 380 3214 eos,
397 3162 468 3217 quos
486 3143 594 3198 Imitari.
639 3142 762 3208 Ibidll,
779 3147 809 3208 5,
826 3146 871 3198 18.
921 3139 1092 3200 obcecamur
1122 3159 1169 3199 eor
1197 3148 1327 3214 tuamque

233 3247 328 3304 poena
347 3231 522 3302 afficiamus,
550 3223 683 3298 quanta
700 3226 824 3302 aequitas
838 3225 1049 3298 humanitasque
1064 3230 1227 3298 patitur,
1254 3230 1272 3282 i.
1300 3243 1326 3281 e.

240 3319 343 3386 quanta
358 3331 407 3369 eos
424 3313 498 3369 allici
514 3317 567 3365 etc.
612 3310 670 3363 Liv.
689 3309 733 3376 Ill,
750 3310 793 3376 71,
805 3312 832 3365 4.
868 3308 1183 3384 Cornelr'asc'omplaxus
1198 3313 1326 3386 Apparet,
1372 3381 1374 3386 Ι

239 3415 295 3456 aaa
323 3400 381 3453 cai
406 3393 601 3451 simulabat
622 3393 860 3462 consulendo,
883 3393 1165 3468 diremitcerbrmen,
1183 3400 1203 3452 i.
1226 3417 1252 3454 e.
1269 3413 1324 3451 non

239 3486 266 3540 εἰ
286 3479 477 3547 consulendo,
508 3479 777 3540 cui'sir'nulabatse
803 3478 955 3534 cansam.
999 3479 1039 3535 ld.
1061 3481 1191 3549 XXVIII,
1210 3487 1262 3551 46,
1284 3487 1329 3549 18.Ι
1426 3547 1428 3550 ,

242 3568 357 3624 Scrotlro
375 3567 510 3638 nepetam
523 3562 633 3633 datam,
662 3569 692 3618 ut
711 3563 836 3620 urbanas
852 3564 983 3636 reparas
1013 3568 1128 3638 imperio
1150 3569 1209 3622 cui
1226 3567 1325 3622 vide-

241 3656 347 3710 retur
365 3651 444 3719 dato,
466 3665 504 3705 επ
517 3648 587 3705 arbe
601 3650 666 3704 daci
680 3649 798 3718 baberet,
820 3650 839 3702 1.
855 3665 881 3704 e.
898 3650 1015 3722 imperIo
1035 3654 1076 3721 οἱ,
1099 3654 1144 3708 aci
1161 3651 1192 3707 ia
1203 3651 1325 3708 dandam

175 3802 178 3807 ,
240 3736 394 3803 videretur,
406 3734 483 3805 dato.
527 3733 610 3790 Plura
621 3739 652 3790 ν.
665 3733 739 3806 apud
756 3733 924 3790 Ramshorn.
942 3735 1065 3791 Gramm.
1080 3737 1138 3792 Lat
1153 3742 1179 3801 ς.
1191 3741 1252 3796 159.
1265 3743 1293 3795 2.
1306 3738 1325 3792 i·

240 3839 268 3894 p.
286 3823 349 3878 857.
392 3819 444 3875 Ed.
469 3819 489 3874 1.
520 3822 547 3873 et
575 3819 651 3891 apud
676 3820 853 3892 Kruegerum
880 3822 898 3875 1.
927 3821 946 3875 l.
969 3851 1011 3861 —
1037 3820 1158 3878 Genitivi
1178 3822 1266 3895 kpam
1289 3838 1325 3878 ac

239 3907 372 3964 libertatis
406 3903 610 3960 subvertendae
639 3904 781 3975 quomodo
805 3905 948 3976 pendeant
968 3923 1004 3978 ex
1029 3909 1115 3979 capr't,
1141 3907 1264 3963 diximus
1288 3907 1325 3962 ad

241 3989 320 4047 Catil.
333 3991 386 4058 Vl,
412 3993 438 4048 7.
724 4013 726 4018 ·
786 4013 791 4018 ’
1222 4033 1224 4036 -
1268 4013 1269 4016 ’

190 4105 192 4110 ·
327 4079 351 4140 S.
374 4079 518 4134 11-11,
556 4076 643 4130 animi
662 4074 804 4147 cupidine)
825 4074 917 4131 :labat
930 4091 980 4132 eur
1000 4074 1127 4134 additum
1151 4079 1200 4148 sit,
1221 4077 1326 4150 patebit

221 4177 278 4216 ,ex
295 4159 474 4215 annotatione
491 4158 528 4214 ad
545 4158 623 4216 Catil.
644 4177 670 4214 c.
686 4160 784 4228 LVIII,
805 4167 833 4218 2.
861 4189 904 4202 -
926 4161 1022 4217 Verba
1037 4177 1143 4235 expers
1159 4193 1202 4203 -
1217 4168 1324 4220 antona

241 4245 406 4303 Gerlaehins
427 4251 453 4299 et
471 4245 590 4302 Orellius
606 4250 682 4301 reete
698 4245 810 4301 trahunt
829 4245 866 4300 ad
880 4246 1080 4319 praecedentia
1099 4256 1237 4306 commate
1260 4253 1325 4321 post

240 4336 313 4391 aeto
340 4331 450 4406 posit03
470 4343 545 4386 'nam
560 4333 737 4408 sequentium
757 4331 907 4388 verborum
925 4334 1020 4390 merua
1033 4335 1134 4413 nomm,
1152 4335 1208 4392 odit
1228 4334 1326 4392 bellam
1365 4347 1368 4353 ’
