3062 4958
213 365 277 430 332
355 405 358 412 ,
566 373 596 432 C.
620 373 793 434 SALLUSTI
815 374 930 434 CRISPI

312 567 363 632 19.
402 560 498 632 Dolia
519 585 621 657 quum
642 563 705 634 sub
725 563 964 670 trabcslocata
993 562 1113 634 vitibus
1140 565 1196 634 aut
1220 562 1292 635 vir-

162 757 164 760 .
212 685 267 779 gis
291 684 486 758 vinciebant.

210 882 336 991 σόγαιαν
347 887 484 996 Βρέττιοι
500 889 666 998 curiporum·
688 888 739 954 καί
759 885 858 966 πόλεις
872 889 1012 952 ἐνταῦθα
1027 888 1221 998 Μαμὲρτιον,
1243 891 1296 956 καὶ

208 1000 224 1038 ο
212 965 381 1056 δρυμὸς
399 999 415 1037 o
404 970 532 1076 φέρων
544 998 599 1056 την
613 970 736 1084 ἀρίστην
751 967 903 1038 ττίτταν
871 999 926 1057 την
941 971 1139 1058 Βρεττίαν,“
1122 1000 1159 1039 ον
1177 978 1297 1040 Σίλαν

211 1061 348 1138 καλοῦσι,
369 1053 523 1142 εὖόενδρός
545 1084 575 1124 τε
599 1085 650 1123 και
640 1055 802 1144 εονδρος,
828 1066 923 1143 μῆκος
949 1060 1130 1124 ἑπτακοσίων
1153 1063 1290 1126 σταδίων.
1342 1137 1345 1140 ¹

211 1151 378 1223 Spartacum
395 1169 411 1208 a
427 1151 530 1208 Crasso
546 1169 677 1224 pressum
696 1169 731 1208 ex
748 1155 872 1209 Lucania
892 1154 1073 1210 concessisse
1091 1154 1119 1207 in
1142 1159 1297 1210 extremum

210 1238 387 1293 Bruttiorum·
406 1253 505 1310 agrum
525 1238 707 1310 cognoscitur
732 1256 768 1295 ex
787 1237 968 1295 Plutarcho
961 1254 990 1292 ιη
1007 1236 1100 1294 Crass.
1121 1255 1146 1294 c.
1164 1245 1205 1307 10,
1221 1239 1297 1294 med.

204 1309 240 1379 ‘0
255 1315 288 1379 tii
304 1311 482 1399 Σπάρτακος
502 1310 676 1400 ὑπεξεχώρει
696 1310 747 1380 διὰ
760 1321 931 1391 Λευκανίας
953 1317 994 1390 εἰς
1007 1310 1062 1397 τὴν
1076 1311 1244 1378 θάλασσαν.
1262 1325 1297 1380 cl.

210 1409 285 1465 Flor.
302 1408 346 1479 ΙΙΙ,
361 1414 406 1481 1ο,
423 1415 466 1468 11.
509 1411 534 1466 Α
549 1409 650 1466 Crasso
658 1411 739 1481 pulsi
750 1410 893 1483 fupotpue
906 1409 996 1465 hostes
1010 1411 1038 1464 in
1055 1416 1182 1464 ccccmo
1197 1406 1298 1466 Itab'oe

210 1494 385 1568 resceperunt.
429 1494 553 1566 Appian.
572 1495 606 1550 B.
623 1493 653 1550 C.
669 1495 690 1563 l,
713 1500 773 1564 118,
796 1501 883 1564 extr.;
905 1510 992 1567 quare
1013 1497 1130 1566 planum
1153 1498 1196 1549 est
1210 1493 1297 1566 Frag-

210 1587 332 1643 mentum
348 1578 383 1634 de
398 1580 453 1636 hac
467 1579 593 1652 Spartaci
611 1581 672 1636 sivc
687 1581 755 1652 tuga
771 1583 832 1638 sive
847 1580 1021 1653 proiectione
1037 1597 1102 1635 esse
1116 1579 1295 1651 capiendum.

296 1666 341 1722 Fr.
357 1669 401 1725 19.
420 1666 520 1734 [Deest
533 1666 610 1739 apud
624 1664 709 1734 Gort,
725 1667 800 1721 Gerl.
815 1665 862 1722 ed.
878 1666 942 1721 mai.
959 1670 987 1720 et
1004 1665 1087 1721 Debr.
1102 1693 1138 1704 -
1159 1665 1233 1721 Gerl.
1250 1665 1295 1720 ed.

212 1752 278 1806 min.
294 1751 348 1819 IV,
364 1757 390 1809 l.
409 1768 436 1823 p.
454 1757 522 1822 118,
548 1754 587 1820 1.]
608 1751 804 1823 Fragmentum
826 1767 926 1808 recens
949 1750 1060 1807 accedit
1078 1767 1114 1804 ex
1136 1751 1201 1807 eorl.
1224 1750 1295 1806 Gud.

212 1835 362 1904 Arusiani,
378 1851 405 1890 v.
423 1836 492 1903 stab„
506 1854 535 1908 p.
554 1843 614 1898 161.
630 1835 772 1905 Lindem,
796 1854 886 1910 neque
905 1836 1048 1892 difficilem
1068 1835 1153 1892 habet
1174 1837 1297 1906 explica·

211 1923 323 1977 tionem.
348 1922 448 1993 Agitur
460 1923 534 1979 euim
550 1922 585 1978 de
601 1922 752 1995 Spartaco,
770 1925 817 1994 qui
838 1925 867 1978 in
884 1929 1009 1978 extrema
1022 1921 1117 1977 Italiae
1133 1923 1296 1993 compulsus

211 2009 253 2076 (v.
269 2007 314 2064 Fr.
333 2006 540 2078 praecedens),
558 2025 642 2080 quum
657 2025 674 2064 a
689 2009 897 2086 praedonibus,
916 2008 1083 2080 quibuscum
1104 2007 1295 2064 traiectiouem

212 2095 240 2149 in
260 2091 385 2150 Siciliam
401 2097 501 2164 pactus
521 2100 596 2165 erat,
618 2095 752 2166 deceptus
777 2100 854 2150 esset
874 2097 916 2163 (v.
937 2092 1077 2149 Plutarch.
1100 2092 1129 2146 iu
1152 2091 1247 2150 Crass.
1270 2109 1295 2147 c.

212 2184 255 2246 10,
271 2177 369 2248 medi
386 2179 491 2234 ratibus
507 2178 545 2234 ad
559 2180 588 2235 id
602 2181 719 2252 paratis,
736 2181 836 2252 quibus
850 2179 925 2236 dolia
942 2179 1114 2247 subiecerat,
1128 2178 1158 2232 in
1170 2177 1295 2236 Siciliam

211 2264 340 2320 traiicere
356 2271 473 2320 conatus
489 2272 548 2334 est;
566 2267 602 2322 ct.
618 2267 691 2322 Flor.
709 2266 758 2334 ΙΙΙ,
776 2273 819 2334 10,
839 2271 879 2324 13
906 2265 988 2322 eirca
1009 2265 1148 2320 Bruttium
1163 2265 1295 2336 capulum

210 2349 280 2406 clusi
284 2367 390 2445 ,quum
403 2350 543 2423 [κρατοίη
562 2351 682 2407 Siciliam
696 2357 836 2444 pararent
851 2352 899 2420 [cl.
914 2350 990 2421 App.
1005 2349 1037 2404 B.
1056 2346 1086 2404 C.
1103 2350 1130 2418 Ι,
1147 2353 1208 2416 118,
1224 2355 1295 2404 extr.

210 2420 389 2510 Κράσσος
360 2453 412 2492 τον
428 2425 609 2510 Σπάρτακον
626 2428 727 2492 ἐδίωκε
744 2424 892 2512 φεύγοντα
910 2422 1012 2492 ἐντί
980 2451 1035 2508 την
1056 2425 1216 2490 θάλασσαν
1223 2419 1295 2506 ,ὡς

211 2508 531 2594 διαπλεοσόμτνον
561 2513 595 2589 ἐς
621 2518 842 2591 Σικελίανη]
865 2535 954 2592 neque
977 2521 1087 2592 κανίρὶα
1106 2525 1294 2591 suppeterent,

212 2609 382 2678 ratesque
401 2620 445 2661 τα
465 2606 628 2662 cratibus
649 2611 681 2661 et
695 2606 791 2664 dolia
813 2621 979 2662 conneoeo
999 2606 1194 2678 virgultis
1183 2622 1218 2660 m
1233 2622 1293 2660 ra-

209 2690 397 2762 pidissimo
426 2691 523 2763 freto
551 2690 701 2764 frustra
726 2694 1044 2765 capererentor—
1066 2689 1176 2746 tandem
1203 2690 1295 2746 obiere

210 2780 333 2832 mortem.
345 2776 448 2831 -Pro
462 2776 534 2833 (Ιοὶία
548 2793 647 2850 quum
663 2777 872 2835 Lindemannus
888 2778 1008 2834 coniecit
1022 2777 1095 2833 dolio
1103 2791 1210 2848 ,quae
1225 2781 1289 2876 etc,

211 2877 266 2933 quo
279 2877 336 2916 non
352 2862 462 2918 videtur
478 2879 550 2934 opus
566 2879 640 2920 esse.

294 2947 339 3003 Fr
356 2953 401 3008 80
418 2945 544 3021 [Gortp.
561 2953 623 3008 080
640 2947 712 3005 Gerl.
730 2949 776 3006 ed.
794 2949 858 3006 mai.
874 2947 928 3016 ΙΙΙ,
943 2951 969 3006 8.
985 2945 1030 3002 ed.
1048 2948 1116 3002 min.
1133 2948 1187 3018 lV,
1203 2952 1246 3007 41
1263 2966 1292 3020 p

209 3037 276 3103 118,
295 3038 337 3092 15.
356 3064 399 3074 -
413 3033 499 3090 Deest
513 3051 559 3106 ap.
579 3034 676 3104 Debu]
696 3036 803 3104 Verba,
819 3051 835 3090 a
849 3033 994 3090 Prisciano
1008 3033 1062 3101 IX,
1077 3035 1109 3102 7,
1126 3035 1169 3091 87.
1183 3050 1212 3105 p·
1228 3037 1291 3093 455.

115 3140 117 3145 ·
151 3153 152 3157 =
209 3117 256 3174 Kr.
272 3120 400 3190 laudata,
413 3121 592 3192 probabiliter
607 3121 646 3176 ad
660 3121 781 3176 eandem
796 3138 855 3176 rem
869 3119 1023 3192 pertinent,
1036 3124 1065 3174 ut
1078 3118 1189 3190 Fragm.
1208 3135 1291 3190 prae-

209 3204 325 3266 cerlens.
358 3206 440 3276 Quod
455 3207 478 3262 si
495 3223 552 3262 non
567 3207 640 3262 falso
656 3206 842 3275 centenimus,
858 3203 1058 3276 intelligendae
1073 3209 1136 3259 sunt
1156 3209 1232 3260 rates
1248 3221 1293 3260 ra·

208 3291 276 3362 pido
298 3294 367 3348 lreto
394 3292 509 3348 collisae
533 3293 604 3347 inter
629 3305 675 3360 se,
697 3295 728 3346 ut
747 3290 809 3362 regi
833 3307 889 3346 nou
911 3295 1037 3362 possent.
1075 3290 1106 3344 ln
1127 3306 1158 3344 re
1180 3291 1294 3346 nautica

209 3377 283 3433 enim
299 3380 448 3434 minutario
464 3377 624 3450 significant
638 3383 784 3432 nautarum
801 3393 915 3448 operam
933 3376 962 3430 in
983 3374 1168 3446 gubernando
1191 3391 1292 3445 regen·

210 3462 302 3534 doque
318 3463 434 3535 navigio
450 3463 582 3533 positam.
598 3462 708 3516 -Pro
723 3463 894 3534 implicatae,
919 3477 1001 3533 quam
1018 3461 1158 3533 participii
1173 3462 1290 3514 sormam

208 3548 371 3604 Priscianus
385 3552 443 3603 tum
456 3545 600 3603 Ciceronis
618 3547 824 3605 auctoritatem
843 3549 938 3603 Pisou.
956 3563 981 3601 c.
1003 3551 1052 3616 19,
1072 3549 1117 3604 70.
1138 3545 1290 3619 familiari·

209 3637 263 3687 tote
277 3634 499 3705 implicatus,
514 3638 573 3687 tum
588 3632 643 3687 hoe
659 3632 731 3704 ipso.
741 3632 867 3691 Sallustii
882 3634 945 3688 loco
958 3635 1066 3701 tuetur,
1087 3631 1116 3685 in
1133 3630 1200 3688 Sall.
1222 3628 1288 3684 edd.

208 3717 337 3774 omnibus
354 3733 503 3790 perperam
519 3723 561 3774 est
571 3718 728 3790 implicitae,
753 3718 829 3791 quod
843 3723 970 3790 repetere
985 3716 1135 3772 noluimus.

292 3803 337 3858 Fr.
353 3808 398 3861 81.
417 3802 514 3872 [Deest
530 3803 606 3874 apud
622 3801 712 3874 Cort,
728 3804 801 3860 Gerl.
819 3804 863 3862 ed.
880 3805 943 3860 mai.
954 3808 982 3858 et
995 3801 1079 3857 Debr.
1094 3831 1135 3840 -
1149 3801 1224 3858 Gerl.
1241 3799 1287 3857 ed.

208 3887 277 3944 min.
293 3889 343 3957 ΙΙΙ,
356 3891 400 3948 79.
414 3906 442 3960 p.
457 3891 526 3956 118,
549 3890 605 3957 17.]
620 3888 778 3946 Arusianus
796 3906 825 3944 v.
841 3892 1031 3962 propinquum
1048 3887 1096 3942 τἸΙο
1117 3902 1164 3956 rc,
1180 3903 1208 3958 p.
1224 3887 1290 3944 154.

208 3973 334 4029 Lindem.
349 3973 423 4031 hunc
441 3976 532 4030 locum
548 3975 589 4031 sic
611 3974 708 4030 affert:
732 3974 866 4044 „Sallust
888 3976 958 4030 Hist.
979 3973 1010 4029 G.
1031 3973 1063 4028 G.
1087 3972 1184 4029 Verrt'a
1198 3974 1291 4029 littora

206 4057 291 4116 Italia
300 4077 389 4133 prop.
404 4057 503 4132 ‘transt‘
522 4058 569 4117 Au
585 4061 656 4118 baec
675 4061 882 4118 Lindemannus
903 4063 976 4117 bene
1000 4059 1145 4114 annotavit
1165 4059 1290 4129 priorem

208 4147 326 4202 litteram
342 4145 374 4202 G.
391 4162 536 4202 numerum
555 4147 617 4204 libri
633 4147 792 4214 continere,
809 4147 926 4204 alteram
941 4159 1005 4201 esse
1025 4148 1119 4200 notam
1132 4143 1192 4199 Gaii
1204 4158 1288 4214 prae-

206 4232 328 4289 nominis
353 4235 452 4306 (quam
466 4233 527 4294 lcur
552 4250 615 4290 cum
634 4231 662 4289 C.
683 4234 900 4300 mutaverimus,
925 4230 1031 4302 patebit
1048 4247 1085 4286 ex
1101 4233 1223 4286 annotat.
1249 4227 1287 4284 ad

206 4319 253 4375 Fr.
268 4319 319 4390 ΙΙΙ,
337 4319 385 4393 77,
400 4319 456 4389 1.),
477 4319 599 4393 denique
614 4336 666 4393 pro
691 4319 788 4376 Verris
810 4316 989 4376 scribendum
1007 4333 1073 4372 esse
1100 4315 1218 4378 Verres,·
1237 4313 1291 4370 sed
