3096 4962
232 375 307 426 xXX
536 365 703 426 abircius
724 365 899 426 EPISTOLA
922 365 1065 426 caturca

233 550 355 628 singula
379 551 540 626 leguntur,
572 567 612 612 ex
641 549 802 614 Debrossii
830 552 881 614 ed.
912 548 1104 613 describeret
1130 556 1215 626 (nam
1239 547 1292 611 ubi
1314 546 1364 610 hic

234 655 319 729 silet,
345 649 524 714 Gerlaehius
549 667 676 728 quoque
697 655 784 715 locos
813 653 964 730 ignorat),
989 667 1091 731 pauca
1110 651 1289 730 corrigeret,
1312 650 1364 711 ali-

234 762 311 834 quot
338 771 422 816 nova
449 753 588 822 adderet.
614 755 686 816 Vol.
712 755 761 816 Ill.
788 757 929 830 demum,
955 755 1041 832 quod
1067 770 1096 814 a.
1129 753 1219 818 1831.
1248 753 1364 815 editum

233 855 472 920 commentarios
497 855 527 917 in
549 857 670 934 Fragm.
694 857 845 935 continet,
871 860 910 920 de
930 855 968 918 iis
987 855 1169 920 ordinandis
1189 855 1364 932 meliusque

234 958 438 1038 disponendis
463 957 619 1034 cogitans,
645 965 814 1037 postquam
834 959 865 1020 in
887 958 957 1037 ipsa
979 958 1186 1036 explicatione
1209 962 1363 1038 vulgatum

234 1062 375 1126 ordinem
401 1059 516 1136 tenuit,
545 1078 576 1139 p.
599 1062 788 1122 lbi-155.
817 1065 855 1126 dc
876 1064 992 1125 ordr'm's
1019 1079 1179 1140 rerumque
1200 1066 1363 1141 disponen-

233 1169 342 1228 darum
360 1167 493 1242 ratione,
515 1181 605 1242 paam
629 1143 802 1228 Sallustium
823 1169 854 1226 tn
886 1169 919 1228 V.
941 1169 1144 1230 Historiarum
1165 1168 1249 1229 labris
1273 1183 1362 1227 sccu-

232 1276 293 1330 tum
312 1283 375 1329 csse
396 1269 613 1349 ocrtsr'rae'lcest
629 1266 787 1329 disserere
799 1267 948 1346 suscepit,
968 1269 998 1332 in
1020 1287 1083 1348 qua
1102 1287 1136 1332 re
1156 1268 1200 1331 ita
1213 1283 1250 1331 se
1269 1268 1365 1330 obno-

232 1369 317 1432 xium
339 1367 510 1430 Debrossio
533 1368 646 1446 gessit,
676 1367 760 1431 utin
783 1369 892 1446 paucis
917 1373 1012 1436 modo
1036 1390 1074 1435 ac
1096 1372 1217 1435 levibus
1247 1372 1285 1432 ab
1312 1370 1363 1430 illo

233 1473 440 1550 discreparet,
464 1469 494 1532 in
514 1488 635 1533 summa
656 1489 761 1536 rerum
782 1491 915 1552 prorsus
936 1491 976 1536 ex
999 1491 1038 1538 eo
1060 1477 1223 1554 penderet.
1257 1476 1364 1552 Neque

233 1574 394 1648 dubitans,
426 1573 500 1650 quin
535 1573 579 1648 is,
614 1591 708 1652 quem
737 1594 796 1654 pro
825 1576 1077 1654 ingeniosissimo
1108 1578 1217 1652 habet,
1249 1575 1364 1653 ubique

232 1694 298 1739 rem
328 1689 388 1738 acu
414 1673 563 1752 tetigerit,
590 1681 696 1757 totam¹
717 1679 972 1755 Fragmentorum
1008 1679 1261 1758 dispositionem,
1292 1679 1364 1740 Vol.

234 1783 284 1842 lll.
304 1775 514 1857 propositam,
541 1777 571 1838 in
591 1778 742 1842 minorem
764 1780 900 1843 Sallustii
922 1781 1089 1843 editionem
1113 1799 1142 1844 a.
1164 1780 1255 1843 1832.
1276 1795 1364 1860 para-

234 1890 297 1944 tam
318 1867 493 1957 transtulit,
526 1879 557 1942 in
588 1881 717 1958 singulis
747 1899 824 1944 sane
855 1885 960 1964 paullo
990 1883 1235 1948 emendatiorem
1262 1883 1365 1948 novis-

235 2003 295 2062 que
317 1983 509 2060 Fragmentis
534 1975 742 2047 ex'Arusiani
764 1987 835 2048 cod.
849 1987 989 2052 Gudiano
1011 1987 1117 2068 petitis
1140 1993 1278 2063 aucam,
1300 1986 1364 2048 nni·

234 2104 326 2148 versa
347 2092 450 2148 autem
474 2087 578 2150 indole
597 2095 660 2150 tam
677 2091 841 2152 confusam
864 2107 900 2153 ac
932 2092 1117 2154 dissolutam
1139 2089 1296 2167 tantisque
1318 2105 1364 2150 er-

234 2189 357 2252 roribus
389 2195 577 2269 scatentem,
601 2199 636 2256 ut
658 2209 729 2253 eum
752 2207 827 2270 spes
861 2211 935 2270 sua,
964 2196 1064 2257 Praei.
1087 2211 1119 2272 p.
1144 2193 1282 2255 XXXIV.
1314 2193 1365 2253 de·
1424 2201 1426 2206 ·
1534 2195 1535 2202 ’

234 2295 363 2368 clarata,
391 2295 459 2356 lore
485 2304 520 2358 ut
547 2315 624 2360 noro
645 2297 972 2371 tornamentorum
997 2301 1203 2376 compositione
1224 2297 1366 2358 historiae

232 2401 307 2459 trecis
327 2399 445 2472 aliquid
461 2401 649 2475 offundatur,
673 2397 790 2475 oppido
813 2401 960 2463 fefellisse
980 2400 1138 2462 censenda
1156 2399 1206 2462 sit.
1249 2395 1365 2474 Viginti

233 2497 322 2560 annis
350 2505 440 2574 post,
470 2500 589 2562 scilicet
608 2508 642 2562 ut
663 2499 756 2562 crisin
776 2499 993 2565 Sallustianam
1014 2504 1054 2564 ad
1076 2500 1253 2564 umbilicum
1276 2499 1364 2576 quasi

109 2670 112 2676 ,
233 2602 404 2664 adduceret
425 2602 501 2664 etin
517 2609 703 2681 perpetuum
721 2603 914 2680 absolveret,
934 2606 1055 2666 tertiam
1073 2601 1208 2666 Sallustii
1222 2618 1363 2679 operum,

235 2721 315 2782 quae
331 2713 517 2782 supersunt,
538 2705 703 2768 adornavit
723 2705 908 2783 editionem,
932 2709 1019 2771 cuins
1047 2711 1144 2769 altera
1164 2722 1256 2784 pars,
1283 2722 1363 2781 quac

233 2808 419 2884 Fragmenta
440 2808 586 2886 conduct,
606 2809 667 2871 hoc
699 2808 768 2886 ipso
791 2825 873 2871 anno
891 2811 979 2873 brevi
1002 2819 1187 2888 antequam
1210 2823 1364 2870 commen-

234 2909 303 2972 tarii
324 2909 384 2970 mci
405 2912 603 2992 typographo
626 2914 824 2975 traderentur
841 2915 965 2993 prodiit.
1009 2916 1196 2995 Sperabam,
1227 2928 1264 2974 eo
1289 2917 1364 2972 tem·

233 3030 328 3092 pore,
353 3016 440 3091 quod
459 3016 545 3080 linter
578 3017 749 3080 secundam
779 3025 810 3080 et
833 3017 913 3080 hanc
939 3019 1060 3083 tertiam
1082 3020 1248 3083 editionem
1272 3019 1363 3078 inter-

235 3117 347 3196 cessit,
372 3120 566 3184 Gerlaohium
590 3119 748 3182 erroribus
778 3118 843 3180 suis
874 3121 1005 3197 cognitis
1036 3122 1152 3199 aliquid
1180 3123 1282 3186 bonae
1305 3122 1364 3180 lra-

233 3223 280 3300 gis
307 3224 348 3284 ad
366 3224 550 3302 Fragmenta
571 3223 758 3295 contulisse;
783 3222 841 3285 sed
860 3239 933 3284 mox
954 3223 1090 3284 intellexi
1104 3241 1173 3286 earn
1192 3241 1280 3302 spem
1302 3223 1316 3282 1
1353 3257 1363 3266 -

234 3333 299 3388 stra
321 3342 408 3403 csse,
436 3328 585 3400 illumque
611 3323 823 3386 immemorem
844 3325 942 3387 luisse
964 3323 1037 3386 dicti
1060 3325 1251 3388 Ciceroniani
1273 3324 1361 3400 (Phil.

233 3426 359 3502 x11‚2,
382 3428 443 3504 5.):
471 3424 636 3501 „cuiusvis
667 3425 801 3488 hominis
832 3434 882 3489 est
912 3443 1034 3504 errare,
1062 3429 1192 3504 nulliuS,
1227 3427 1285 3490 nisi
1317 3426 1362 3486 in-

234 3529 392 3610 sipientis,
421 3529 452 3590 in
474 3544 582 3590 errore
605 3535 842 3605 perseverare.“
884 3531 960 3591 Nam
986 3545 1049 3591 non
1065 3532 1177 3592 solum
1215 3529 1362 3592 librorum

233 3639 414 3712 argumenta
435 3631 544 3694 eadem
567 3638 652 3707 sunt,
676 3631 807 3708 quaein
829 3634 866 3693 ll.
882 3634 950 3708 ed,
975 3630 1135 3693 sedidem
1160 3632 1253 3694 etiarn
1271 3633 1362 3708 Frag-

232 3745 405 3800 mentorum
437 3738 530 3811 ordo,
555 3735 618 3796 hoc
638 3752 700 3796 uno
722 3733 911 3811 discrimine,
939 3733 1041 3812 quod,
1068 3751 1163 3811 quum
1184 3719 1227 3794 'in
1252 3735 1288 3794 ll.
1313 3733 1362 3794 ed.

234 3840 416 3920 paginarum
442 3855 556 3900 versus
586 3837 737 3900 numerati
763 3844 883 3912 essent,
921 3836 952 3899 in
980 3839 1030 3898 lll.
1072 3838 1258 3915 Fragmenta
1294 3836 1362 3914 ipsa

234 3945 383 4022 deinceps
407 3948 617 4006 numerantur.
663 3941 747 4018 Quae
776 3957 871 4016 quum
897 3939 940 4002 ita
966 3939 1043 4016 sint,
1071 3939 1162 4002 liuius
1195 3937 1279 4013 libri,
1310 3933 1363 4014 qui

233 4047 402 4128 peculiaria
430 4047 514 4108 bona
550 4063 613 4108 non
646 4044 753 4118 habet,
791 4041 942 4106 rationem
974 4041 1149 4104 habendam
1180 4058 1242 4104 non
1279 4039 1362 4113 duxi,

234 4150 343 4216 sedin
366 4147 593 4214 commentariis
623 4146 836 4210 tantummodo
858 4146 988 4225 primam
1010 4151 1042 4206 et
1064 4145 1234 4207 secundam
1255 4141 1362 4204 editio·

233 4271 304 4316 nem
327 4252 468 4332 respexi,
500 4252 615 4331 quippe
646 4249 759 4328 quibus
789 4250 907 4324 omnia,
932 4265 1014 4325 ¹quae
1045 4247 1206 4309 Gerlachio
1233 4244 1361 4324 propria

233 4364 321 4435 sunt,
352 4355 578 4421 contineantur.
621 4357 666 4418 De
694 4352 807 4431 quibus
839 4367 934 4431 quum
961 4349 1135 4412 accuratius
1168 4347 1230 4410 iam
1259 4348 1363 4409 dicen-
