<?xml version="1.0" encoding="UTF-8"?>
<!DOCTYPE html PUBLIC "-//W3C//DTD XHTML 1.0 Transitional//EN"
    "http://www.w3.org/TR/xhtml1/DTD/xhtml1-transitional.dtd">
<html xmlns="http://www.w3.org/1999/xhtml" xml:lang="en" lang="en">
 <head>
  <title>
</title>
<meta http-equiv="Content-Type" content="text/html;charset=utf-8" />
  <meta name='ocr-system' content='tesseract 3.04.00' />
  <meta name='ocr-capabilities' content='ocr_page ocr_carea ocr_par ocr_line ocrx_word'/>
</head>
<body>
  <div class='ocr_page' id='page_1' title='image "./csallusticrispi04sallgoog_0411.png"; bbox 0 0 3064 4966; ppageno 0'>
   <div class='ocr_carea' id='block_1_1' title="bbox 464 310 1336 410">
    <p class='ocr_par' dir='ltr' id='par_1_1' title="bbox 464 310 1336 410">
     <span class='ocr_line' id='line_1_1' title="bbox 464 310 1336 410; baseline -0.016 0"><span class='ocrx_word' id='word_1_1' title='bbox 464 310 968 410; x_wconf 79' lang='lat' dir='ltr'>msronmauu&#39;rnneusurn.</span> <span class='ocrx_word' id='word_1_2' title='bbox 1010 347 1076 404; x_wconf 88' lang='lat' dir='ltr'>ua.</span> <span class='ocrx_word' id='word_1_3' title='bbox 1099 347 1135 401; x_wconf 89' lang='lat' dir='ltr'>v.</span> <span class='ocrx_word' id='word_1_4' title='bbox 1273 340 1336 407; x_wconf 81' lang='lat' dir='ltr'>aaa</span> 
     </span>
    </p>
   </div>
   <div class='ocr_carea' id='block_1_2' title="bbox 190 534 1462 1114">
    <p class='ocr_par' dir='ltr' id='par_1_2' title="bbox 253 534 1338 734">
     <span class='ocr_line' id='line_1_2' title="bbox 356 534 1338 628; baseline 0 -22"><span class='ocrx_word' id='word_1_5' title='bbox 356 543 406 608; x_wconf 89' lang='lat' dir='ltr'>lt.</span> <span class='ocrx_word' id='word_1_6' title='bbox 448 537 607 610; x_wconf 86' lang='lat' dir='ltr'>Lucullus</span> <span class='ocrx_word' id='word_1_7' title='bbox 629 537 799 628; x_wconf 88' lang='lat' dir='ltr'>pecuniam</span> <span class='ocrx_word' id='word_1_8' title='bbox 822 535 955 622; x_wconf 82' lang='lat' dir='ltr'>Quintio</span> <span class='ocrx_word' id='word_1_9' title='bbox 982 534 1087 621; x_wconf 81' lang='lat' dir='ltr'>dedit,</span> <span class='ocrx_word' id='word_1_10' title='bbox 1116 556 1157 605; x_wconf 90' lang='lat' dir='ltr'>ne</span> <span class='ocrx_word' id='word_1_11' title='bbox 1183 535 1229 606; x_wconf 91' lang='lat' dir='ltr'>illi</span> <span class='ocrx_word' id='word_1_12' title='bbox 1256 557 1338 606; x_wconf 92' lang='lat' dir='ltr'>suc-</span> 
     </span>
     <span class='ocr_line' id='line_1_3' title="bbox 253 665 435 734; baseline -0.011 0"><span class='ocrx_word' id='word_1_13' title='bbox 253 665 435 734; x_wconf 81' lang='lat' dir='ltr'>cederetur.</span> 
     </span>
    </p>

    <p class='ocr_par' dir='ltr' id='par_1_3' title="bbox 190 784 1462 1114">
     <span class='ocr_line' id='line_1_4' title="bbox 360 784 1339 882; baseline 0.003 -28"><span class='ocrx_word' id='word_1_14' title='bbox 360 791 408 856; x_wconf 82' lang='lat'>19.</span> <span class='ocrx_word' id='word_1_15' title='bbox 452 787 497 856; x_wconf 82' lang='lat' dir='ltr'>m</span> <span class='ocrx_word' id='word_1_16' title='bbox 519 784 694 871; x_wconf 82' lang='lat' dir='ltr'>Lucullus,</span> <span class='ocrx_word' id='word_1_17' title='bbox 720 785 832 857; x_wconf 89' lang='lat' dir='ltr'>audito</span> <span class='ocrx_word' id='word_1_18' title='bbox 860 787 898 871; x_wconf 83' lang='lat' dir='ltr'>O.</span> <span class='ocrx_word' id='word_1_19' title='bbox 928 785 1084 857; x_wconf 87' lang='lat' dir='ltr'>llarcium</span> <span class='ocrx_word' id='word_1_20' title='bbox 1103 787 1231 882; x_wconf 85' lang='lat' dir='ltr'>Regem</span> <span class='ocrx_word' id='word_1_21' title='bbox 1255 807 1339 878; x_wconf 90' lang='lat' dir='ltr'>pro-</span> 
     </span>
     <span class='ocr_line' id='line_1_5' title="bbox 255 884 1462 1008; baseline -0.002 -23"><span class='ocrx_word' id='word_1_22' title='bbox 255 913 425 985; x_wconf 90' lang='lat' dir='ltr'>consulem</span> <span class='ocrx_word' id='word_1_23' title='bbox 451 935 511 1004; x_wconf 92' lang='lat' dir='ltr'>per</span> <span class='ocrx_word' id='word_1_24' title='bbox 536 911 737 1004; x_wconf 82' lang='lat' dir='ltr'>Lycaoniam</span> <span class='ocrx_word' id='word_1_25' title='bbox 764 935 836 983; x_wconf 92' lang='lat' dir='ltr'>cum</span> <span class='ocrx_word' id='word_1_26' title='bbox 862 893 966 984; x_wconf 85' lang='lat' dir='ltr'>tribus</span> <span class='ocrx_word' id='word_1_27' title='bbox 988 913 1177 1008; x_wconf 84' lang='lat' dir='ltr'>legionibus</span> <span class='ocrx_word' id='word_1_28' title='bbox 1203 913 1236 983; x_wconf 93' lang='lat' dir='ltr'>in</span> <span class='ocrx_word' id='word_1_29' title='bbox 1257 909 1339 984; x_wconf 84' lang='lat' dir='ltr'>citi·</span> <span class='ocrx_word' id='word_1_30' title='bbox 1455 884 1462 906; x_wconf 48' lang='lat'>⁸</span> 
     </span>
     <span class='ocr_line' id='line_1_6' title="bbox 190 1039 505 1114; baseline -0.022 0"><span class='ocrx_word' id='word_1_31' title='bbox 190 1057 192 1062; x_wconf 80' lang='grc'>’</span> <span class='ocrx_word' id='word_1_32' title='bbox 236 1039 340 1114; x_wconf 76' lang='lat' dir='ltr'>¹ciam</span> <span class='ocrx_word' id='word_1_33' title='bbox 360 1039 505 1112; x_wconf 89' lang='lat' dir='ltr'>tendere.</span> 
     </span>
    </p>
   </div>
   <div class='ocr_carea' id='block_1_3' title="bbox 214 1278 1414 4351">
    <p class='ocr_par' dir='ltr' id='par_1_4' title="bbox 257 1278 1341 1445">
     <span class='ocr_line' id='line_1_7' title="bbox 257 1278 1341 1352; baseline 0 -14"><span class='ocrx_word' id='word_1_34' title='bbox 257 1301 322 1342; x_wconf 83' lang='lat' dir='ltr'>cum</span> <span class='ocrx_word' id='word_1_35' title='bbox 338 1284 396 1340; x_wconf 85' lang='lat' dir='ltr'>lere</span> <span class='ocrx_word' id='word_1_36' title='bbox 411 1281 598 1348; x_wconf 89' lang='lat' dir='ltr'>consentiunt,</span> <span class='ocrx_word' id='word_1_37' title='bbox 616 1295 688 1352; x_wconf 87' lang='lat' dir='ltr'>quae</span> <span class='ocrx_word' id='word_1_38' title='bbox 704 1281 740 1337; x_wconf 91' lang='lat' dir='ltr'>de</span> <span class='ocrx_word' id='word_1_39' title='bbox 756 1280 857 1336; x_wconf 85' lang='lat' dir='ltr'>eadem</span> <span class='ocrx_word' id='word_1_40' title='bbox 868 1295 899 1334; x_wconf 89' lang='lat' dir='ltr'>re</span> <span class='ocrx_word' id='word_1_41' title='bbox 914 1278 999 1336; x_wconf 88' lang='lat' dir='ltr'>hebet</span> <span class='ocrx_word' id='word_1_42' title='bbox 1014 1280 1066 1337; x_wconf 89' lang='lat' dir='ltr'>Dio</span> <span class='ocrx_word' id='word_1_43' title='bbox 1078 1278 1159 1338; x_wconf 84' lang='lat' dir='ltr'>Cass.</span> <span class='ocrx_word' id='word_1_44' title='bbox 1174 1280 1288 1350; x_wconf 92' lang='lat' dir='ltr'>XXXV,</span> <span class='ocrx_word' id='word_1_45' title='bbox 1297 1286 1341 1342; x_wconf 87' lang='grc'>16.</span> 
     </span>
     <span class='ocr_line' id='line_1_8' title="bbox 257 1363 1214 1445; baseline -0.008 -17"><span class='ocrx_word' id='word_1_46' title='bbox 257 1389 287 1445; x_wconf 89' lang='lat' dir='ltr'>p.</span> <span class='ocrx_word' id='word_1_47' title='bbox 303 1373 347 1428; x_wconf 77' lang='lat' dir='ltr'>bb.</span> <span class='ocrx_word' id='word_1_48' title='bbox 364 1369 465 1437; x_wconf 82' lang='lat' dir='ltr'>Reim,</span> <span class='ocrx_word' id='word_1_49' title='bbox 481 1366 632 1422; x_wconf 84' lang='lat' dir='ltr'>maximam</span> <span class='ocrx_word' id='word_1_50' title='bbox 649 1373 758 1440; x_wconf 84' lang='lat' dir='ltr'>partem</span> <span class='ocrx_word' id='word_1_51' title='bbox 774 1383 810 1422; x_wconf 79' lang='lat' dir='ltr'>ex</span> <span class='ocrx_word' id='word_1_52' title='bbox 825 1363 959 1436; x_wconf 85' lang='lat' dir='ltr'>Sallustio</span> <span class='ocrx_word' id='word_1_53' title='bbox 976 1366 1124 1439; x_wconf 84' lang='lat' dir='ltr'>desumpta</span> <span class='ocrx_word' id='word_1_54' title='bbox 1137 1384 1214 1423; x_wconf 85' lang='lat' dir='ltr'>esse.</span> 
     </span>
    </p>

    <p class='ocr_par' dir='ltr' id='par_1_5' title="bbox 259 1450 1404 3834">
     <span class='ocr_line' id='line_1_9' title="bbox 342 1450 1342 1524; baseline -0.004 -12"><span class='ocrx_word' id='word_1_55' title='bbox 342 1455 388 1512; x_wconf 84' lang='lat' dir='ltr'>Fr.</span> <span class='ocrx_word' id='word_1_56' title='bbox 404 1460 449 1512; x_wconf 92' lang='grc'>11.</span> <span class='ocrx_word' id='word_1_57' title='bbox 466 1453 563 1522; x_wconf 82' lang='lat' dir='ltr'>[Deest</span> <span class='ocrx_word' id='word_1_58' title='bbox 578 1450 654 1523; x_wconf 88' lang='lat' dir='ltr'>apud</span> <span class='ocrx_word' id='word_1_59' title='bbox 667 1450 750 1522; x_wconf 70' lang='lat' dir='ltr'>Cora,</span> <span class='ocrx_word' id='word_1_60' title='bbox 765 1451 839 1510; x_wconf 87' lang='lat' dir='ltr'>Gerl.</span> <span class='ocrx_word' id='word_1_61' title='bbox 855 1451 901 1506; x_wconf 85' lang='lat' dir='ltr'>ed.</span> <span class='ocrx_word' id='word_1_62' title='bbox 916 1451 992 1520; x_wconf 82' lang='lat' dir='ltr'>mai,</span> <span class='ocrx_word' id='word_1_63' title='bbox 1008 1453 1085 1521; x_wconf 82' lang='lat' dir='ltr'>mim,</span> <span class='ocrx_word' id='word_1_64' title='bbox 1101 1459 1129 1507; x_wconf 89' lang='lat' dir='ltr'>et</span> <span class='ocrx_word' id='word_1_65' title='bbox 1143 1452 1240 1519; x_wconf 84' lang='lat' dir='ltr'>Debr.]</span> <span class='ocrx_word' id='word_1_66' title='bbox 1256 1453 1342 1524; x_wconf 76' lang='lat' dir='ltr'>Frag-</span> 
     </span>
     <span class='ocr_line' id='line_1_10' title="bbox 259 1535 1343 1610; baseline -0.006 -12"><span class='ocrx_word' id='word_1_67' title='bbox 259 1546 382 1598; x_wconf 79' lang='lat' dir='ltr'>mentum</span> <span class='ocrx_word' id='word_1_68' title='bbox 396 1555 497 1596; x_wconf 87' lang='lat' dir='ltr'>recens</span> <span class='ocrx_word' id='word_1_69' title='bbox 523 1537 633 1594; x_wconf 86' lang='lat' dir='ltr'>accedit</span> <span class='ocrx_word' id='word_1_70' title='bbox 647 1554 684 1594; x_wconf 86' lang='lat' dir='ltr'>ex</span> <span class='ocrx_word' id='word_1_71' title='bbox 699 1537 794 1598; x_wconf 89' lang='lat' dir='ltr'>Schol.</span> <span class='ocrx_word' id='word_1_72' title='bbox 812 1538 934 1594; x_wconf 88' lang='lat' dir='ltr'>Gronov.</span> <span class='ocrx_word' id='word_1_73' title='bbox 952 1537 989 1594; x_wconf 86' lang='lat' dir='ltr'>ad</span> <span class='ocrx_word' id='word_1_74' title='bbox 1003 1535 1061 1594; x_wconf 81' lang='lat' dir='ltr'>Cic.</span> <span class='ocrx_word' id='word_1_75' title='bbox 1074 1555 1103 1610; x_wconf 87' lang='lat' dir='ltr'>p.</span> <span class='ocrx_word' id='word_1_76' title='bbox 1119 1539 1138 1593; x_wconf 91' lang='lat'>1.</span> <span class='ocrx_word' id='word_1_77' title='bbox 1157 1539 1233 1594; x_wconf 88' lang='lat' dir='ltr'>blan.</span> <span class='ocrx_word' id='word_1_78' title='bbox 1247 1542 1343 1606; x_wconf 59' lang='grc'><strong>11128.</strong></span> 
     </span>
     <span class='ocr_line' id='line_1_11' title="bbox 259 1622 1344 1698; baseline -0.004 -16"><span class='ocrx_word' id='word_1_79' title='bbox 259 1629 324 1684; x_wconf 91' lang='lat' dir='ltr'>Vol.</span> <span class='ocrx_word' id='word_1_80' title='bbox 339 1625 372 1680; x_wconf 95' lang='lat' dir='ltr'>ll.</span> <span class='ocrx_word' id='word_1_81' title='bbox 388 1643 417 1698; x_wconf 89' lang='lat' dir='ltr'>p.</span> <span class='ocrx_word' id='word_1_82' title='bbox 432 1627 492 1684; x_wconf 80' lang='lat'>441.</span> <span class='ocrx_word' id='word_1_83' title='bbox 507 1622 592 1680; x_wconf 85' lang='lat' dir='ltr'>Orell.</span> <span class='ocrx_word' id='word_1_84' title='bbox 635 1622 692 1682; x_wconf 87' lang='lat' dir='ltr'>Res</span> <span class='ocrx_word' id='word_1_85' title='bbox 716 1627 811 1697; x_wconf 89' lang='lat' dir='ltr'>paullo</span> <span class='ocrx_word' id='word_1_86' title='bbox 826 1625 972 1681; x_wconf 90' lang='lat' dir='ltr'>obscurior</span> <span class='ocrx_word' id='word_1_87' title='bbox 994 1639 1085 1696; x_wconf 89' lang='lat' dir='ltr'>neque</span> <span class='ocrx_word' id='word_1_88' title='bbox 1101 1623 1214 1680; x_wconf 87' lang='lat' dir='ltr'>aliunde</span> <span class='ocrx_word' id='word_1_89' title='bbox 1230 1623 1344 1696; x_wconf 80' lang='lat' dir='ltr'>cognita</span> 
     </span>
     <span class='ocr_line' id='line_1_12' title="bbox 260 1707 1343 1782; baseline -0.004 -13"><span class='ocrx_word' id='word_1_90' title='bbox 260 1713 302 1770; x_wconf 91' lang='lat' dir='ltr'>sio</span> <span class='ocrx_word' id='word_1_91' title='bbox 319 1711 430 1769; x_wconf 87' lang='lat' dir='ltr'>videtur</span> <span class='ocrx_word' id='word_1_92' title='bbox 446 1707 626 1782; x_wconf 80' lang='lat' dir='ltr'>explicanda.</span> <span class='ocrx_word' id='word_1_93' title='bbox 670 1711 743 1767; x_wconf 88' lang='lat' dir='ltr'>luter</span> <span class='ocrx_word' id='word_1_94' title='bbox 758 1711 866 1769; x_wconf 89' lang='lat' dir='ltr'>Luculli</span> <span class='ocrx_word' id='word_1_95' title='bbox 881 1708 1073 1779; x_wconf 88' lang='lat' dir='ltr'>adversarios,</span> <span class='ocrx_word' id='word_1_96' title='bbox 1090 1711 1137 1782; x_wconf 92' lang='lat' dir='ltr'>qui</span> <span class='ocrx_word' id='word_1_97' title='bbox 1153 1710 1260 1766; x_wconf 85' lang='lat' dir='ltr'>Romae</span> <span class='ocrx_word' id='word_1_98' title='bbox 1279 1725 1343 1765; x_wconf 89' lang='lat' dir='ltr'>eum</span> 
     </span>
     <span class='ocr_line' id='line_1_13' title="bbox 261 1793 1343 1865; baseline -0.006 -11"><span class='ocrx_word' id='word_1_99' title='bbox 261 1797 442 1854; x_wconf 88' lang='lat' dir='ltr'>vehementer</span> <span class='ocrx_word' id='word_1_100' title='bbox 458 1795 683 1865; x_wconf 87' lang='lat' dir='ltr'>insectabantur,</span> <span class='ocrx_word' id='word_1_101' title='bbox 709 1799 759 1854; x_wconf 87' lang='lat' dir='ltr'>luit</span> <span class='ocrx_word' id='word_1_102' title='bbox 775 1797 859 1852; x_wconf 87' lang='lat' dir='ltr'>etiam</span> <span class='ocrx_word' id='word_1_103' title='bbox 875 1797 906 1851; x_wconf 88' lang='lat' dir='ltr'>L.</span> <span class='ocrx_word' id='word_1_104' title='bbox 922 1796 1060 1864; x_wconf 73' lang='lat' dir='ltr'>Quintius,</span> <span class='ocrx_word' id='word_1_105' title='bbox 1083 1798 1140 1852; x_wconf 89' lang='lat' dir='ltr'>iam</span> <span class='ocrx_word' id='word_1_106' title='bbox 1156 1811 1191 1851; x_wconf 88' lang='lat' dir='ltr'>ex</span> <span class='ocrx_word' id='word_1_107' title='bbox 1204 1793 1343 1851; x_wconf 74' lang='lat' dir='ltr'>tribunatu</span> 
     </span>
     <span class='ocr_line' id='line_1_14' title="bbox 261 1879 1343 1956; baseline -0.006 -16"><span class='ocrx_word' id='word_1_108' title='bbox 261 1885 288 1940; x_wconf 91' lang='lat' dir='ltr'>ei</span> <span class='ocrx_word' id='word_1_109' title='bbox 304 1883 436 1950; x_wconf 81' lang='lat' dir='ltr'>infestus,</span> <span class='ocrx_word' id='word_1_110' title='bbox 458 1882 495 1938; x_wconf 86' lang='lat' dir='ltr'>cl.</span> <span class='ocrx_word' id='word_1_111' title='bbox 520 1880 566 1936; x_wconf 84' lang='lat' dir='ltr'>Fr.</span> <span class='ocrx_word' id='word_1_112' title='bbox 582 1879 627 1950; x_wconf 91' lang='grc' dir='ltr'>ΙΙΙ,</span> <span class='ocrx_word' id='word_1_113' title='bbox 644 1886 689 1951; x_wconf 74' lang='grc'><strong>81,</strong></span> <span class='ocrx_word' id='word_1_114' title='bbox 704 1889 748 1942; x_wconf 93' lang='lat'>11.</span> <span class='ocrx_word' id='word_1_115' title='bbox 792 1883 819 1939; x_wconf 87' lang='lat' dir='ltr'>le</span> <span class='ocrx_word' id='word_1_116' title='bbox 841 1882 924 1956; x_wconf 82' lang='lat' dir='ltr'>igitur</span> <span class='ocrx_word' id='word_1_117' title='bbox 945 1898 1029 1953; x_wconf 90' lang='lat' dir='ltr'>quum</span> <span class='ocrx_word' id='word_1_118' title='bbox 1050 1887 1187 1955; x_wconf 88' lang='lat' dir='ltr'>perpetuo</span> <span class='ocrx_word' id='word_1_119' title='bbox 1210 1881 1343 1938; x_wconf 87' lang='lat' dir='ltr'>clamaret</span> 
     </span>
     <span class='ocr_line' id='line_1_15' title="bbox 261 1967 1343 2042; baseline -0.005 -16"><span class='ocrx_word' id='word_1_120' title='bbox 261 1968 455 2042; x_wconf 78' lang='lat' dir='ltr'>abrogandum</span> <span class='ocrx_word' id='word_1_121' title='bbox 469 1982 535 2024; x_wconf 87' lang='lat' dir='ltr'>cese</span> <span class='ocrx_word' id='word_1_122' title='bbox 553 1967 667 2024; x_wconf 87' lang='lat' dir='ltr'>Lucullo</span> <span class='ocrx_word' id='word_1_123' title='bbox 683 1969 845 2040; x_wconf 88' lang='lat' dir='ltr'>imperium,</span> <span class='ocrx_word' id='word_1_124' title='bbox 868 1984 923 2040; x_wconf 88' lang='lat' dir='ltr'>quo</span> <span class='ocrx_word' id='word_1_125' title='bbox 939 1983 991 2039; x_wconf 89' lang='lat' dir='ltr'>per</span> <span class='ocrx_word' id='word_1_126' title='bbox 1007 1969 1154 2024; x_wconf 85' lang='lat' dir='ltr'>avaritiam</span> <span class='ocrx_word' id='word_1_127' title='bbox 1175 1969 1343 2032; x_wconf 78' lang='lat' dir='ltr'>abuteretur,</span> 
     </span>
     <span class='ocr_line' id='line_1_16' title="bbox 262 2052 1343 2124; baseline -0.004 -12"><span class='ocrx_word' id='word_1_128' title='bbox 262 2069 514 2124; x_wconf 87' lang='lat' dir='ltr'>successoremque</span> <span class='ocrx_word' id='word_1_129' title='bbox 530 2053 557 2108; x_wconf 89' lang='lat' dir='ltr'>ei</span> <span class='ocrx_word' id='word_1_130' title='bbox 571 2052 745 2122; x_wconf 87' lang='lat' dir='ltr'>mittendum,</span> <span class='ocrx_word' id='word_1_131' title='bbox 757 2053 889 2110; x_wconf 86' lang='lat' dir='ltr'>Lucullus</span> <span class='ocrx_word' id='word_1_132' title='bbox 898 2052 1041 2124; x_wconf 85' lang='lat' dir='ltr'>putandus</span> <span class='ocrx_word' id='word_1_133' title='bbox 1057 2059 1100 2109; x_wconf 86' lang='lat' dir='ltr'>est</span> <span class='ocrx_word' id='word_1_134' title='bbox 1113 2053 1235 2124; x_wconf 87' lang='lat' dir='ltr'>pecunia</span> <span class='ocrx_word' id='word_1_135' title='bbox 1251 2053 1343 2108; x_wconf 85' lang='lat' dir='ltr'>oblata</span> 
     </span>
     <span class='ocr_line' id='line_1_17' title="bbox 261 2137 1344 2212; baseline -0.005 -16"><span class='ocrx_word' id='word_1_136' title='bbox 261 2158 327 2198; x_wconf 92' lang='lat' dir='ltr'>eum</span> <span class='ocrx_word' id='word_1_137' title='bbox 341 2154 508 2212; x_wconf 83' lang='lat' dir='ltr'>permovere</span> <span class='ocrx_word' id='word_1_138' title='bbox 530 2137 688 2207; x_wconf 85' lang='lat' dir='ltr'>studuisse,</span> <span class='ocrx_word' id='word_1_139' title='bbox 712 2144 743 2195; x_wconf 85' lang='lat' dir='ltr'>ut</span> <span class='ocrx_word' id='word_1_140' title='bbox 759 2141 812 2195; x_wconf 92' lang='lat' dir='ltr'>sibi</span> <span class='ocrx_word' id='word_1_141' title='bbox 836 2137 983 2194; x_wconf 82' lang='lat' dir='ltr'>adversari</span> <span class='ocrx_word' id='word_1_142' title='bbox 1011 2137 1168 2205; x_wconf 85' lang='lat' dir='ltr'>desineret,</span> <span class='ocrx_word' id='word_1_143' title='bbox 1189 2153 1262 2193; x_wconf 86' lang='lat' dir='ltr'>neve</span> <span class='ocrx_word' id='word_1_144' title='bbox 1287 2153 1344 2194; x_wconf 87' lang='lat' dir='ltr'>am·</span> 
     </span>
     <span class='ocr_line' id='line_1_18' title="bbox 262 2221 1344 2300; baseline -0.006 -18"><span class='ocrx_word' id='word_1_145' title='bbox 262 2228 336 2300; x_wconf 87' lang='lat' dir='ltr'>plius</span> <span class='ocrx_word' id='word_1_146' title='bbox 353 2224 389 2281; x_wconf 90' lang='lat' dir='ltr'>de</span> <span class='ocrx_word' id='word_1_147' title='bbox 410 2239 578 2280; x_wconf 85' lang='lat' dir='ltr'>successore</span> <span class='ocrx_word' id='word_1_148' title='bbox 601 2223 653 2280; x_wconf 85' lang='lat' dir='ltr'>sibi</span> <span class='ocrx_word' id='word_1_149' title='bbox 673 2223 808 2280; x_wconf 88' lang='lat' dir='ltr'>mittendo</span> <span class='ocrx_word' id='word_1_150' title='bbox 830 2223 906 2295; x_wconf 90' lang='lat' dir='ltr'>apud</span> <span class='ocrx_word' id='word_1_151' title='bbox 927 2225 1062 2294; x_wconf 91' lang='lat' dir='ltr'>populum</span> <span class='ocrx_word' id='word_1_152' title='bbox 1086 2228 1190 2294; x_wconf 85' lang='lat' dir='ltr'>ageret</span> <span class='ocrx_word' id='word_1_153' title='bbox 1234 2221 1293 2278; x_wconf 88' lang='lat' dir='ltr'>Sed</span> <span class='ocrx_word' id='word_1_154' title='bbox 1314 2221 1344 2276; x_wconf 92' lang='lat' dir='ltr'>id</span> 
     </span>
     <span class='ocr_line' id='line_1_19' title="bbox 262 2293 1346 2410; baseline -0.003 -43"><span class='ocrx_word' id='word_1_155' title='bbox 262 2312 366 2368; x_wconf 81' lang='lat' dir='ltr'>trustra</span> <span class='ocrx_word' id='word_1_156' title='bbox 387 2311 475 2366; x_wconf 84' lang='lat' dir='ltr'>luisse</span> <span class='ocrx_word' id='word_1_157' title='bbox 496 2312 573 2410; x_wconf 81' lang='lat' dir='ltr'>patet</span> <span class='ocrx_word' id='word_1_158' title='bbox 594 2325 629 2364; x_wconf 86' lang='lat' dir='ltr'>ex</span> <span class='ocrx_word' id='word_1_159' title='bbox 648 2308 827 2366; x_wconf 82' lang='lat' dir='ltr'>Plutarcho</span> <span class='ocrx_word' id='word_1_160' title='bbox 821 2326 849 2364; x_wconf 93' lang='lat' dir='ltr'>m</span> <span class='ocrx_word' id='word_1_161' title='bbox 869 2308 974 2364; x_wconf 92' lang='lat' dir='ltr'>Lucull.</span> <span class='ocrx_word' id='word_1_162' title='bbox 992 2325 1018 2364; x_wconf 90' lang='lat' dir='ltr'>c.</span> <span class='ocrx_word' id='word_1_163' title='bbox 1032 2311 1076 2377; x_wconf 82' lang='grc'>33,</span> <span class='ocrx_word' id='word_1_164' title='bbox 1097 2313 1167 2363; x_wconf 83' lang='lat' dir='ltr'>extr.</span> <span class='ocrx_word' id='word_1_165' title='bbox 1213 2293 1300 2364; x_wconf 77' lang='lat' dir='ltr'>Occu</span> <span class='ocrx_word' id='word_1_166' title='bbox 1314 2298 1346 2364; x_wconf 72' lang='grc' dir='ltr'>δὲ</span> 
     </span>
     <span class='ocr_line' id='line_1_20' title="bbox 264 2381 1346 2495; baseline -0.006 -41"><span class='ocrx_word' id='word_1_167' title='bbox 264 2387 458 2495; x_wconf 78' lang='grc' dir='ltr'><strong><em>διακειμένοις</em></strong></span> <span class='ocrx_word' id='word_1_168' title='bbox 477 2383 578 2462; x_wconf 76' lang='grc' dir='ltr'><strong><em>αὐτοῖς</em></strong></span> <span class='ocrx_word' id='word_1_169' title='bbox 599 2397 655 2463; x_wconf 85' lang='lat' dir='ltr'>(sc.</span> <span class='ocrx_word' id='word_1_170' title='bbox 671 2393 733 2462; x_wconf 85' lang='grc' dir='ltr'><strong><em>τοῖς</em></strong></span> <span class='ocrx_word' id='word_1_171' title='bbox 748 2384 949 2490; x_wconf 73' lang='grc' dir='ltr'>στρατιώταις)</span> <span class='ocrx_word' id='word_1_172' title='bbox 972 2381 1025 2462; x_wconf 88' lang='grc' dir='ltr'><strong><em>τδις</em></strong></span> <span class='ocrx_word' id='word_1_173' title='bbox 1045 2388 1180 2470; x_wconf 81' lang='grc' dir='ltr'><strong><em>μεγίστας</em></strong></span> <span class='ocrx_word' id='word_1_174' title='bbox 1196 2384 1346 2449; x_wconf 73' lang='grc' dir='ltr'><strong><em>ἐνέδωκαν</em></strong></span> 
     </span>
     <span class='ocr_line' id='line_1_21' title="bbox 263 2464 1345 2577; baseline -0.006 -37"><span class='ocrx_word' id='word_1_175' title='bbox 263 2467 323 2540; x_wconf 70' lang='lat' dir='ltr'>dul</span> <span class='ocrx_word' id='word_1_176' title='bbox 337 2479 389 2556; x_wconf 81' lang='grc' dir='ltr'><strong><em>τῆς</em></strong></span> <span class='ocrx_word' id='word_1_177' title='bbox 403 2467 534 2577; x_wconf 71' lang='grc' dir='ltr'><strong><em>Ῥώμης</em></strong></span> <span class='ocrx_word' id='word_1_178' title='bbox 535 2473 567 2536; x_wconf 91' lang='grc' dir='ltr'>οί</span> <span class='ocrx_word' id='word_1_179' title='bbox 579 2473 749 2576; x_wconf 70' lang='grc' dir='ltr'><strong><em>δημαγωγοί</em></strong></span> <span class='ocrx_word' id='word_1_180' title='bbox 768 2467 932 2557; x_wconf 74' lang='grc' dir='ltr'><strong><em>προφάσεις</em></strong></span> <span class='ocrx_word' id='word_1_181' title='bbox 953 2469 1063 2560; x_wconf 72' lang='grc' dir='ltr'><strong><em>φθόνῳ</em></strong></span> <span class='ocrx_word' id='word_1_182' title='bbox 1083 2497 1136 2537; x_wconf 87' lang='grc' dir='ltr'><strong><em>τον</em></strong></span> <span class='ocrx_word' id='word_1_183' title='bbox 1121 2464 1345 2573; x_wconf 76' lang='grc' dir='ltr'><strong><em>Λουκούλλρν</em></strong></span> 
     </span>
     <span class='ocr_line' id='line_1_22' title="bbox 264 2536 1346 2663; baseline -0.005 -38"><span class='ocrx_word' id='word_1_184' title='bbox 264 2563 493 2663; x_wconf 73' lang='grc' dir='ltr'><strong><em>κατηγοροῦντες</em></strong></span> <span class='ocrx_word' id='word_1_185' title='bbox 515 2550 554 2634; x_wconf 79' lang='grc' dir='ltr'><strong><em>ὡς</em></strong></span> <span class='ocrx_word' id='word_1_186' title='bbox 575 2550 633 2622; x_wconf 76' lang='lat' dir='ltr'>oud</span> <span class='ocrx_word' id='word_1_187' title='bbox 655 2559 812 2642; x_wconf 75' lang='grc' dir='ltr'><strong><em>φιλαρχίας</em></strong></span> <span class='ocrx_word' id='word_1_188' title='bbox 833 2558 884 2622; x_wconf 84' lang='grc' dir='ltr'>καί</span> <span class='ocrx_word' id='word_1_189' title='bbox 896 2536 1132 2662; x_wconf 71' lang='grc' dir='ltr'><strong><em>φιλοπλουτίας</em></strong></span> <span class='ocrx_word' id='word_1_190' title='bbox 1136 2548 1322 2631; x_wconf 72' lang='grc' dir='ltr'><strong><em>ἕλκοντος</em></strong></span> <span class='ocrx_word' id='word_1_191' title='bbox 1293 2579 1346 2620; x_wconf 85' lang='grc' dir='ltr'><strong><em>τον</em></strong></span> 
     </span>
     <span class='ocr_line' id='line_1_23' title="bbox 263 2635 1345 2749; baseline -0.006 -37"><span class='ocrx_word' id='word_1_192' title='bbox 263 2642 403 2747; x_wconf 81' lang='grc' dir='ltr'><strong><em>πόλεμον,</em></strong></span> <span class='ocrx_word' id='word_1_193' title='bbox 416 2643 467 2708; x_wconf 85' lang='grc' dir='ltr'>καλ</span> <span class='ocrx_word' id='word_1_194' title='bbox 478 2667 607 2749; x_wconf 82' lang='grc' dir='ltr'><strong><em>μονονον</em></strong></span> <span class='ocrx_word' id='word_1_195' title='bbox 595 2637 792 2747; x_wconf 72' lang='grc' dir='ltr'><strong><em>κατέχοντος</em></strong></span> <span class='ocrx_word' id='word_1_196' title='bbox 806 2641 838 2708; x_wconf 75' lang='lat' dir='ltr'>du</span> <span class='ocrx_word' id='word_1_197' title='bbox 851 2636 948 2730; x_wconf 77' lang='grc' dir='ltr'><strong><em>ταῦτρι</em></strong></span> <span class='ocrx_word' id='word_1_198' title='bbox 935 2646 1111 2747; x_wconf 82' lang='grc' dir='ltr'><strong><em>Κιλικίαν,</em></strong></span> <span class='ocrx_word' id='word_1_199' title='bbox 1124 2635 1228 2707; x_wconf 86' lang='grc' dir='ltr'><strong><em>Ἀσίαν</em></strong></span> <span class='ocrx_word' id='word_1_200' title='bbox 1243 2675 1281 2692; x_wconf 86' lang='lat'>·-</span> <span class='ocrx_word' id='word_1_201' title='bbox 1294 2663 1345 2706; x_wconf 82' lang='grc' dir='ltr'><strong><em>ττι</em></strong></span> 
     </span>
     <span class='ocr_line' id='line_1_24' title="bbox 263 2721 1345 2832; baseline -0.003 -37"><span class='ocrx_word' id='word_1_202' title='bbox 263 2726 460 2816; x_wconf 76' lang='grc' dir='ltr'><strong><em>πορθρκότος,</em></strong></span> <span class='ocrx_word' id='word_1_203' title='bbox 477 2725 570 2811; x_wconf 76' lang='grc' dir='ltr'><strong><em>ὥςπερ</em></strong></span> <span class='ocrx_word' id='word_1_204' title='bbox 587 2731 709 2793; x_wconf 78' lang='grc' dir='ltr'><strong><em>ἐκδῦσαι</em></strong></span> <span class='ocrx_word' id='word_1_205' title='bbox 723 2753 792 2804; x_wconf 85' lang='grc' dir='ltr'><strong><em>τοας</em></strong></span> <span class='ocrx_word' id='word_1_206' title='bbox 805 2729 952 2812; x_wconf 77' lang='grc' dir='ltr'><strong><em>βασιλέας,</em></strong></span> <span class='ocrx_word' id='word_1_207' title='bbox 970 2753 1006 2792; x_wconf 86' lang='grc' dir='ltr'><strong><em>ον</em></strong></span> <span class='ocrx_word' id='word_1_208' title='bbox 996 2721 1260 2832; x_wconf 74' lang='grc' dir='ltr'><strong><em>κατἀττολιχιῆσαι</em></strong></span> <span class='ocrx_word' id='word_1_209' title='bbox 1272 2751 1345 2809; x_wconf 77' lang='grc' dir='ltr'>πεμ-</span> 
     </span>
     <span class='ocr_line' id='line_1_25' title="bbox 266 2808 1347 2917; baseline -0.004 -37"><span class='ocrx_word' id='word_1_210' title='bbox 266 2816 404 2917; x_wconf 72' lang='grc' dir='ltr'><strong><em>φθὲντος.</em></strong></span> <span class='ocrx_word' id='word_1_211' title='bbox 450 2819 543 2878; x_wconf 79' lang='grc' dir='ltr'><strong><em>Τοῦτο</em></strong></span> <span class='ocrx_word' id='word_1_212' title='bbox 562 2808 620 2897; x_wconf 77' lang='grc' dir='ltr'>γὰρ</span> <span class='ocrx_word' id='word_1_213' title='bbox 637 2815 729 2878; x_wconf 74' lang='grc' dir='ltr'><strong><em>εἰπεῖν</em></strong></span> <span class='ocrx_word' id='word_1_214' title='bbox 745 2834 839 2893; x_wconf 86' lang='grc' dir='ltr'><strong><em>φασιν</em></strong></span> <span class='ocrx_word' id='word_1_215' title='bbox 852 2815 957 2878; x_wconf 75' lang='grc' dir='ltr'>ἕνα</span> <span class='ocrx_word' id='word_1_216' title='bbox 916 2837 977 2880; x_wconf 87' lang='grc' dir='ltr'><strong><em>τοον</em></strong></span> <span class='ocrx_word' id='word_1_217' title='bbox 995 2818 1166 2898; x_wconf 76' lang='grc' dir='ltr'><strong><em>στρατηγῶν</em></strong></span> <span class='ocrx_word' id='word_1_218' title='bbox 1179 2809 1347 2878; x_wconf 72' lang='grc' dir='ltr'><strong><em>Λεύκιον</em></strong></span> 
     </span>
     <span class='ocr_line' id='line_1_26' title="bbox 265 2893 1345 3004; baseline -0.003 -39"><span class='ocrx_word' id='word_1_219' title='bbox 265 2896 434 2974; x_wconf 83' lang='grc' dir='ltr'><strong><em>Κόϊντον,</em></strong></span> <span class='ocrx_word' id='word_1_220' title='bbox 426 2924 500 3002; x_wconf 69' lang='grc' dir='ltr'>,οφ</span> <span class='ocrx_word' id='word_1_221' title='bbox 503 2893 748 2980; x_wconf 79' lang='grc' dir='ltr'><strong><em>ὀδμᾶλιστα</em></strong></span> <span class='ocrx_word' id='word_1_222' title='bbox 767 2899 1127 3004; x_wconf 66' lang='grc' dir='ltr'><strong><em>αιχσθὲνιεςὲψηφί</em></strong></span> <span class='ocrx_word' id='word_1_223' title='bbox 1130 2919 1242 2963; x_wconf 86' lang='grc' dir='ltr'><strong><em>σαντο</em></strong></span> <span class='ocrx_word' id='word_1_224' title='bbox 1258 2898 1345 2980; x_wconf 83' lang='grc' dir='ltr'><strong><em>τιίμ-</em></strong></span> 
     </span>
     <span class='ocr_line' id='line_1_27' title="bbox 264 2978 1350 3070; baseline -0.003 -20"><span class='ocrx_word' id='word_1_225' title='bbox 264 3009 350 3050; x_wconf 84' lang='grc' dir='ltr'><strong><em>τιειν</em></strong></span> <span class='ocrx_word' id='word_1_226' title='bbox 378 2985 577 3065; x_wconf 88' lang='grc' dir='ltr'><strong><em>διαδοχονς</em></strong></span> <span class='ocrx_word' id='word_1_227' title='bbox 604 2987 652 3070; x_wconf 77' lang='grc' dir='ltr'>τῷ</span> <span class='ocrx_word' id='word_1_228' title='bbox 671 2978 902 3070; x_wconf 73' lang='lat' dir='ltr'>Aouuouiirp</span> <span class='ocrx_word' id='word_1_229' title='bbox 928 2989 995 3066; x_wconf 77' lang='grc' dir='ltr'><strong><em>τῆς</em></strong></span> <span class='ocrx_word' id='word_1_230' title='bbox 1015 2984 1206 3069; x_wconf 76' lang='grc' dir='ltr'><strong><em>ἐπαρχίας.</em></strong></span> <span class='ocrx_word' id='word_1_231' title='bbox 1233 3021 1274 3036; x_wconf 88' lang='grc'><strong>-</strong></span> <span class='ocrx_word' id='word_1_232' title='bbox 1299 2991 1350 3048; x_wconf 84' lang='lat' dir='ltr'>Illi</span> 
     </span>
     <span class='ocr_line' id='line_1_28' title="bbox 267 3075 1348 3152; baseline -0.004 -16"><span class='ocrx_word' id='word_1_233' title='bbox 267 3077 399 3152; x_wconf 89' lang='lat' dir='ltr'>quoniam</span> <span class='ocrx_word' id='word_1_234' title='bbox 414 3075 451 3132; x_wconf 91' lang='lat' dir='ltr'>ad</span> <span class='ocrx_word' id='word_1_235' title='bbox 465 3075 608 3134; x_wconf 81' lang='lat' dir='ltr'>Lucullum</span> <span class='ocrx_word' id='word_1_236' title='bbox 621 3076 749 3148; x_wconf 89' lang='lat' dir='ltr'>pertinet,</span> <span class='ocrx_word' id='word_1_237' title='bbox 764 3092 801 3132; x_wconf 85' lang='lat' dir='ltr'>ex</span> <span class='ocrx_word' id='word_1_238' title='bbox 814 3077 894 3131; x_wconf 89' lang='lat' dir='ltr'>cuius</span> <span class='ocrx_word' id='word_1_239' title='bbox 909 3081 1001 3132; x_wconf 88' lang='lat' dir='ltr'>mente</span> <span class='ocrx_word' id='word_1_240' title='bbox 1011 3077 1116 3148; x_wconf 86' lang='lat' dir='ltr'>pendet</span> <span class='ocrx_word' id='word_1_241' title='bbox 1129 3077 1287 3133; x_wconf 88' lang='lat' dir='ltr'>enunciatio</span> <span class='ocrx_word' id='word_1_242' title='bbox 1303 3094 1348 3133; x_wconf 84' lang='lat' dir='ltr'>ee·</span> 
     </span>
     <span class='ocr_line' id='line_1_29' title="bbox 268 3160 1346 3234; baseline -0.005 -12"><span class='ocrx_word' id='word_1_243' title='bbox 268 3162 412 3230; x_wconf 88' lang='lat' dir='ltr'>cundaria,</span> <span class='ocrx_word' id='word_1_244' title='bbox 430 3162 544 3234; x_wconf 89' lang='lat' dir='ltr'>proprie</span> <span class='ocrx_word' id='word_1_245' title='bbox 558 3162 610 3219; x_wconf 81' lang='lat' dir='ltr'>cibi</span> <span class='ocrx_word' id='word_1_246' title='bbox 627 3160 778 3218; x_wconf 89' lang='lat' dir='ltr'>dicendum</span> <span class='ocrx_word' id='word_1_247' title='bbox 794 3167 868 3229; x_wconf 89' lang='lat' dir='ltr'>erat;</span> <span class='ocrx_word' id='word_1_248' title='bbox 889 3160 941 3216; x_wconf 84' lang='lat' dir='ltr'>sed</span> <span class='ocrx_word' id='word_1_249' title='bbox 963 3163 1052 3218; x_wconf 89' lang='lat' dir='ltr'>oratio</span> <span class='ocrx_word' id='word_1_250' title='bbox 1070 3163 1109 3218; x_wconf 90' lang='lat' dir='ltr'>ita</span> <span class='ocrx_word' id='word_1_251' title='bbox 1122 3163 1281 3234; x_wconf 87' lang='lat' dir='ltr'>composita</span> <span class='ocrx_word' id='word_1_252' title='bbox 1295 3167 1346 3229; x_wconf 87' lang='lat' dir='ltr'>est,</span> 
     </span>
     <span class='ocr_line' id='line_1_30' title="bbox 268 3247 1346 3320; baseline -0.006 -13"><span class='ocrx_word' id='word_1_253' title='bbox 268 3256 297 3307; x_wconf 91' lang='lat' dir='ltr'>ut</span> <span class='ocrx_word' id='word_1_254' title='bbox 313 3249 438 3305; x_wconf 86' lang='lat' dir='ltr'>subiecta</span> <span class='ocrx_word' id='word_1_255' title='bbox 459 3247 618 3305; x_wconf 88' lang='lat' dir='ltr'>enunciatio</span> <span class='ocrx_word' id='word_1_256' title='bbox 641 3265 658 3303; x_wconf 89' lang='lat' dir='ltr'>a</span> <span class='ocrx_word' id='word_1_257' title='bbox 673 3247 818 3320; x_wconf 89' lang='lat' dir='ltr'>scriptoris</span> <span class='ocrx_word' id='word_1_258' title='bbox 841 3253 935 3304; x_wconf 83' lang='lat' dir='ltr'>mente</span> <span class='ocrx_word' id='word_1_259' title='bbox 951 3252 1106 3319; x_wconf 88' lang='lat' dir='ltr'>repetatur,</span> <span class='ocrx_word' id='word_1_260' title='bbox 1128 3248 1234 3320; x_wconf 89' lang='lat' dir='ltr'>dequo</span> <span class='ocrx_word' id='word_1_261' title='bbox 1249 3263 1346 3304; x_wconf 78' lang='grc' dir='ltr'><strong><em>οσον.</em></strong></span> 
     </span>
     <span class='ocr_line' id='line_1_31' title="bbox 267 3331 1404 3407; baseline -0.006 -14"><span class='ocrx_word' id='word_1_262' title='bbox 267 3333 405 3407; x_wconf 79' lang='lat' dir='ltr'>Xruegcri</span> <span class='ocrx_word' id='word_1_263' title='bbox 427 3333 548 3390; x_wconf 87' lang='lat' dir='ltr'>Gramm.</span> <span class='ocrx_word' id='word_1_264' title='bbox 570 3335 618 3390; x_wconf 92' lang='lat' dir='ltr'>lat.</span> <span class='ocrx_word' id='word_1_265' title='bbox 633 3337 659 3399; x_wconf 76' lang='lat' dir='ltr'>s.</span> <span class='ocrx_word' id='word_1_266' title='bbox 676 3337 739 3393; x_wconf 74' lang='lat'>412.</span> <span class='ocrx_word' id='word_1_267' title='bbox 762 3351 788 3388; x_wconf 88' lang='lat' dir='ltr'>a.</span> <span class='ocrx_word' id='word_1_268' title='bbox 805 3337 832 3386; x_wconf 90' lang='lat' dir='ltr'>ct</span> <span class='ocrx_word' id='word_1_269' title='bbox 846 3337 873 3398; x_wconf 74' lang='lat' dir='ltr'>s.</span> <span class='ocrx_word' id='word_1_270' title='bbox 890 3335 951 3392; x_wconf 78' lang='lat'>413.</span> <span class='ocrx_word' id='word_1_271' title='bbox 967 3337 1022 3390; x_wconf 89' lang='lat' dir='ltr'>not.</span> <span class='ocrx_word' id='word_1_272' title='bbox 1040 3339 1066 3392; x_wconf 90' lang='lat'>1.</span> <span class='ocrx_word' id='word_1_273' title='bbox 1081 3352 1109 3405; x_wconf 83' lang='lat' dir='ltr'>p.</span> <span class='ocrx_word' id='word_1_274' title='bbox 1125 3337 1187 3392; x_wconf 78' lang='lat'>550.</span> <span class='ocrx_word' id='word_1_275' title='bbox 1230 3332 1347 3389; x_wconf 87' lang='lat' dir='ltr'>Daehne</span> <span class='ocrx_word' id='word_1_276' title='bbox 1401 3331 1404 3336; x_wconf 84' lang='lat'>&#39;</span> 
     </span>
     <span class='ocr_line' id='line_1_32' title="bbox 269 3416 1347 3492; baseline -0.005 -14"><span class='ocrx_word' id='word_1_277' title='bbox 269 3421 306 3478; x_wconf 93' lang='lat' dir='ltr'>ad</span> <span class='ocrx_word' id='word_1_278' title='bbox 322 3421 393 3492; x_wconf 89' lang='lat' dir='ltr'>Nep.</span> <span class='ocrx_word' id='word_1_279' title='bbox 408 3418 443 3488; x_wconf 89' lang='lat' dir='ltr'>X,</span> <span class='ocrx_word' id='word_1_280' title='bbox 458 3423 485 3488; x_wconf 89' lang='grc'>8,</span> <span class='ocrx_word' id='word_1_281' title='bbox 504 3425 529 3477; x_wconf 79' lang='lat'>5.</span> <span class='ocrx_word' id='word_1_282' title='bbox 541 3435 569 3491; x_wconf 85' lang='lat' dir='ltr'>p.</span> <span class='ocrx_word' id='word_1_283' title='bbox 588 3423 647 3478; x_wconf 75' lang='grc'><strong>169.</strong></span> <span class='ocrx_word' id='word_1_284' title='bbox 692 3418 780 3475; x_wconf 82' lang='lat' dir='ltr'>Aliter</span> <span class='ocrx_word' id='word_1_285' title='bbox 795 3419 888 3474; x_wconf 90' lang='lat' dir='ltr'>locum</span> <span class='ocrx_word' id='word_1_286' title='bbox 904 3419 979 3490; x_wconf 91' lang='lat' dir='ltr'>cepit</span> <span class='ocrx_word' id='word_1_287' title='bbox 992 3419 1130 3475; x_wconf 83' lang='lat' dir='ltr'>Linlrerus</span> <span class='ocrx_word' id='word_1_288' title='bbox 1152 3420 1180 3474; x_wconf 93' lang='lat' dir='ltr'>in</span> <span class='ocrx_word' id='word_1_289' title='bbox 1200 3419 1293 3474; x_wconf 91' lang='lat' dir='ltr'>libello</span> <span class='ocrx_word' id='word_1_290' title='bbox 1312 3416 1347 3474; x_wconf 91' lang='lat' dir='ltr'>de</span> 
     </span>
     <span class='ocr_line' id='line_1_33' title="bbox 269 3503 1349 3577; baseline -0.004 -14"><span class='ocrx_word' id='word_1_291' title='bbox 269 3505 337 3564; x_wconf 86' lang='lat' dir='ltr'>Sall.</span> <span class='ocrx_word' id='word_1_292' title='bbox 361 3505 431 3560; x_wconf 86' lang='lat' dir='ltr'>Hist.</span> <span class='ocrx_word' id='word_1_293' title='bbox 458 3520 585 3576; x_wconf 83' lang='lat' dir='ltr'>prooem.</span> <span class='ocrx_word' id='word_1_294' title='bbox 609 3521 635 3575; x_wconf 94' lang='lat' dir='ltr'>p.</span> <span class='ocrx_word' id='word_1_295' title='bbox 656 3509 701 3564; x_wconf 82' lang='grc'><strong>88.</strong></span> <span class='ocrx_word' id='word_1_296' title='bbox 723 3505 763 3560; x_wconf 81' lang='lat' dir='ltr'>illi</span> <span class='ocrx_word' id='word_1_297' title='bbox 782 3503 817 3558; x_wconf 90' lang='lat' dir='ltr'>de</span> <span class='ocrx_word' id='word_1_298' title='bbox 833 3505 967 3576; x_wconf 89' lang='lat' dir='ltr'>Pompeio</span> <span class='ocrx_word' id='word_1_299' title='bbox 990 3505 1147 3577; x_wconf 81' lang='lat' dir='ltr'>intelligens</span> <span class='ocrx_word' id='word_1_300' title='bbox 1170 3505 1199 3560; x_wconf 92' lang='lat' dir='ltr'>in</span> <span class='ocrx_word' id='word_1_301' title='bbox 1213 3504 1349 3577; x_wconf 84' lang='lat' dir='ltr'>Hispania</span> 
     </span>
     <span class='ocr_line' id='line_1_34' title="bbox 267 3588 1350 3662; baseline 0 -16"><span class='ocrx_word' id='word_1_302' title='bbox 267 3595 365 3646; x_wconf 83' lang='lat' dir='ltr'>contm</span> <span class='ocrx_word' id='word_1_303' title='bbox 379 3589 534 3646; x_wconf 88' lang='lat' dir='ltr'>Sertorium</span> <span class='ocrx_word' id='word_1_304' title='bbox 549 3590 678 3646; x_wconf 88' lang='lat' dir='ltr'>bellante.</span> <span class='ocrx_word' id='word_1_305' title='bbox 723 3588 782 3647; x_wconf 90' lang='lat' dir='ltr'>Sed</span> <span class='ocrx_word' id='word_1_306' title='bbox 796 3589 873 3662; x_wconf 89' lang='lat' dir='ltr'>quod</span> <span class='ocrx_word' id='word_1_307' title='bbox 887 3589 1065 3646; x_wconf 88' lang='lat' dir='ltr'>Plutarchum</span> <span class='ocrx_word' id='word_1_308' title='bbox 1079 3590 1163 3646; x_wconf 88' lang='lat' dir='ltr'>huius</span> <span class='ocrx_word' id='word_1_309' title='bbox 1186 3591 1350 3662; x_wconf 84' lang='lat' dir='ltr'>interpreta-</span> 
     </span>
     <span class='ocr_line' id='line_1_35' title="bbox 267 3672 1348 3749; baseline -0.002 -17"><span class='ocrx_word' id='word_1_310' title='bbox 267 3675 352 3732; x_wconf 86' lang='lat' dir='ltr'>tionis</span> <span class='ocrx_word' id='word_1_311' title='bbox 367 3679 465 3732; x_wconf 81' lang='lat' dir='ltr'>testetn</span> <span class='ocrx_word' id='word_1_312' title='bbox 479 3672 576 3730; x_wconf 85' lang='lat' dir='ltr'>laudat</span> <span class='ocrx_word' id='word_1_313' title='bbox 591 3676 620 3730; x_wconf 93' lang='lat' dir='ltr'>in</span> <span class='ocrx_word' id='word_1_314' title='bbox 635 3675 740 3732; x_wconf 88' lang='lat' dir='ltr'>Lucull.</span> <span class='ocrx_word' id='word_1_315' title='bbox 763 3693 789 3730; x_wconf 90' lang='lat' dir='ltr'>c.</span> <span class='ocrx_word' id='word_1_316' title='bbox 803 3681 841 3744; x_wconf 84' lang='grc'><strong>5.,</strong></span> <span class='ocrx_word' id='word_1_317' title='bbox 857 3692 893 3731; x_wconf 90' lang='lat' dir='ltr'>ne</span> <span class='ocrx_word' id='word_1_318' title='bbox 910 3677 1029 3734; x_wconf 87' lang='lat' dir='ltr'>verbum</span> <span class='ocrx_word' id='word_1_319' title='bbox 1050 3676 1164 3748; x_wconf 89' lang='lat' dir='ltr'>quidem</span> <span class='ocrx_word' id='word_1_320' title='bbox 1180 3677 1218 3733; x_wconf 94' lang='lat' dir='ltr'>ibi</span> <span class='ocrx_word' id='word_1_321' title='bbox 1236 3678 1348 3749; x_wconf 76' lang='lat' dir='ltr'>legitur,</span> 
     </span>
     <span class='ocr_line' id='line_1_36' title="bbox 269 3761 990 3834; baseline -0.003 -16"><span class='ocrx_word' id='word_1_322' title='bbox 269 3778 324 3834; x_wconf 92' lang='lat' dir='ltr'>quo</span> <span class='ocrx_word' id='word_1_323' title='bbox 339 3777 375 3816; x_wconf 88' lang='lat' dir='ltr'>ea</span> <span class='ocrx_word' id='word_1_324' title='bbox 390 3777 436 3816; x_wconf 90' lang='lat' dir='ltr'>res</span> <span class='ocrx_word' id='word_1_325' title='bbox 452 3761 644 3828; x_wconf 85' lang='lat' dir='ltr'>confirmetur;</span> <span class='ocrx_word' id='word_1_326' title='bbox 662 3778 691 3818; x_wconf 93' lang='lat' dir='ltr'>v.</span> <span class='ocrx_word' id='word_1_327' title='bbox 706 3761 744 3817; x_wconf 90' lang='lat' dir='ltr'>ad</span> <span class='ocrx_word' id='word_1_328' title='bbox 757 3761 803 3816; x_wconf 85' lang='lat' dir='ltr'>Fr.</span> <span class='ocrx_word' id='word_1_329' title='bbox 818 3762 864 3834; x_wconf 78' lang='grc' dir='ltr'>ΙΙΙ,</span> <span class='ocrx_word' id='word_1_330' title='bbox 879 3767 903 3831; x_wconf 92' lang='grc'><strong>1,</strong></span> <span class='ocrx_word' id='word_1_331' title='bbox 919 3767 990 3818; x_wconf 81' lang='lat' dir='ltr'>extr.</span> 
     </span>
    </p>

    <p class='ocr_par' dir='ltr' id='par_1_6' title="bbox 214 3843 1347 3928">
     <span class='ocr_line' id='line_1_37' title="bbox 214 3843 1347 3928; baseline 0.001 -26"><span class='ocrx_word' id='word_1_332' title='bbox 214 3921 219 3928; x_wconf 78' lang='lat'>.</span> <span class='ocrx_word' id='word_1_333' title='bbox 354 3845 400 3902; x_wconf 85' lang='lat' dir='ltr'>Fr.</span> <span class='ocrx_word' id='word_1_334' title='bbox 417 3843 768 3920; x_wconf 60' lang='lat' dir='ltr'>1a.[Cort.p.soa.¹Gen.</span> <span class='ocrx_word' id='word_1_335' title='bbox 786 3847 914 3904; x_wconf 78' lang='lat' dir='ltr'>edmai.</span> <span class='ocrx_word' id='word_1_336' title='bbox 930 3847 1000 3914; x_wconf 89' lang='lat' dir='ltr'>V‚.l</span> <span class='ocrx_word' id='word_1_337' title='bbox 1016 3845 1063 3902; x_wconf 89' lang='lat' dir='ltr'>ed.</span> <span class='ocrx_word' id='word_1_338' title='bbox 1082 3845 1147 3902; x_wconf 91' lang='lat' dir='ltr'>min.</span> <span class='ocrx_word' id='word_1_339' title='bbox 1161 3846 1230 3914; x_wconf 85' lang='lat' dir='ltr'>V‚1.</span> <span class='ocrx_word' id='word_1_340' title='bbox 1247 3849 1347 3916; x_wconf 64' lang='lat' dir='ltr'>pleb,</span> 
     </span>
    </p>

    <p class='ocr_par' dir='ltr' id='par_1_7' title="bbox 268 3930 1414 4351">
     <span class='ocr_line' id='line_1_38' title="bbox 269 3930 1414 4003; baseline -0.007 -11"><span class='ocrx_word' id='word_1_341' title='bbox 269 3939 295 3992; x_wconf 93' lang='lat' dir='ltr'>l.</span> <span class='ocrx_word' id='word_1_342' title='bbox 314 3931 396 3988; x_wconf 89' lang='lat' dir='ltr'>Debr.</span> <span class='ocrx_word' id='word_1_343' title='bbox 411 3931 438 3984; x_wconf 88' lang='lat' dir='ltr'>V</span> <span class='ocrx_word' id='word_1_344' title='bbox 439 3933 518 4001; x_wconf 86' lang='grc'><strong>,71]</strong></span> <span class='ocrx_word' id='word_1_345' title='bbox 562 3932 699 3989; x_wconf 87' lang='lat' dir='ltr'>Priscian.</span> <span class='ocrx_word' id='word_1_346' title='bbox 720 3931 819 4001; x_wconf 92' lang='lat' dir='ltr'>XVlll,</span> <span class='ocrx_word' id='word_1_347' title='bbox 834 3936 861 3999; x_wconf 77' lang='lat'>4,</span> <span class='ocrx_word' id='word_1_348' title='bbox 876 3935 920 3990; x_wconf 86' lang='lat'>41.</span> <span class='ocrx_word' id='word_1_349' title='bbox 943 3937 1046 4003; x_wconf 68' lang='lat' dir='ltr'>pm</span> <span class='ocrx_word' id='word_1_350' title='bbox 1068 3930 1116 3986; x_wconf 89' lang='lat' dir='ltr'>Kr.</span> <span class='ocrx_word' id='word_1_351' title='bbox 1159 3930 1206 3986; x_wconf 86' lang='lat' dir='ltr'>Ad</span> <span class='ocrx_word' id='word_1_352' title='bbox 1221 3946 1348 3986; x_wconf 88' lang='lat' dir='ltr'>mancam</span> <span class='ocrx_word' id='word_1_353' title='bbox 1408 3945 1414 3952; x_wconf 95' lang='lat'>·</span> 
     </span>
     <span class='ocr_line' id='line_1_39' title="bbox 270 4003 1349 4090; baseline -0.004 -16"><span class='ocrx_word' id='word_1_354' title='bbox 270 4017 437 4075; x_wconf 85' lang='lat' dir='ltr'>sententiam</span> <span class='ocrx_word' id='word_1_355' title='bbox 459 4017 684 4074; x_wconf 88' lang='lat' dir='ltr'>constituendam</span> <span class='ocrx_word' id='word_1_356' title='bbox 708 4019 834 4090; x_wconf 86' lang='lat' dir='ltr'>apprime</span> <span class='ocrx_word' id='word_1_357' title='bbox 851 4019 918 4073; x_wconf 88' lang='lat' dir='ltr'>lacit</span> <span class='ocrx_word' id='word_1_358' title='bbox 936 4016 988 4073; x_wconf 91' lang='lat' dir='ltr'>Dio</span> <span class='ocrx_word' id='word_1_359' title='bbox 1012 4016 1094 4072; x_wconf 84' lang='lat' dir='ltr'>Cass.</span> <span class='ocrx_word' id='word_1_360' title='bbox 1109 4015 1230 4081; x_wconf 84' lang='lat' dir='ltr'>XXXV,</span> <span class='ocrx_word' id='word_1_361' title='bbox 1247 4021 1290 4074; x_wconf 81' lang='lat'>15</span> <span class='ocrx_word' id='word_1_362' title='bbox 1316 4003 1349 4070; x_wconf 92' lang='grc' dir='ltr'>Ο</span> 
     </span>
     <span class='ocr_line' id='line_1_40' title="bbox 268 4083 1347 4201; baseline -0.005 -42"><span class='ocrx_word' id='word_1_363' title='bbox 268 4083 325 4159; x_wconf 73' lang='grc' dir='ltr'><strong><em>οὖν</em></strong></span> <span class='ocrx_word' id='word_1_364' title='bbox 345 4089 537 4198; x_wconf 79' lang='grc' dir='ltr'><strong><em>Λρόκοσλλος</em></strong></span> <span class='ocrx_word' id='word_1_365' title='bbox 557 4093 591 4158; x_wconf 75' lang='grc' dir='ltr'>ἔκ</span> <span class='ocrx_word' id='word_1_366' title='bbox 609 4117 639 4160; x_wconf 76' lang='grc' dir='ltr'>τε</span> <span class='ocrx_word' id='word_1_367' title='bbox 649 4095 785 4201; x_wconf 60' lang='grc' dir='ltr'><strong><em>τούτων,</em></strong></span> <span class='ocrx_word' id='word_1_368' title='bbox 807 4090 896 4159; x_wconf 73' lang='grc' dir='ltr'><strong><em>καί“</em></strong></span> <span class='ocrx_word' id='word_1_369' title='bbox 877 4119 934 4158; x_wconf 86' lang='grc' dir='ltr'><strong><em>οτι</em></strong></span> <span class='ocrx_word' id='word_1_370' title='bbox 953 4086 1050 4176; x_wconf 65' lang='lat' dir='ltr'>stupri</span> <span class='ocrx_word' id='word_1_371' title='bbox 1071 4099 1134 4158; x_wconf 84' lang='grc' dir='ltr'>τοῦ</span> <span class='ocrx_word' id='word_1_372' title='bbox 1154 4093 1347 4198; x_wconf 77' lang='grc' dir='ltr'><strong><em>Μαρκίαν,</em></strong></span> 
     </span>
     <span class='ocr_line' id='line_1_41' title="bbox 268 4167 1350 4282; baseline -0.006 -38"><span class='ocrx_word' id='word_1_373' title='bbox 268 4187 320 4244; x_wconf 80' lang='grc' dir='ltr'>τοῦ</span> <span class='ocrx_word' id='word_1_374' title='bbox 335 4175 406 4263; x_wconf 85' lang='grc' dir='ltr'><strong><em>τιρδ</em></strong></span> <span class='ocrx_word' id='word_1_375' title='bbox 421 4185 473 4242; x_wconf 84' lang='grc' dir='ltr'>τοῦ</span> <span class='ocrx_word' id='word_1_376' title='bbox 490 4171 658 4244; x_wconf 51' lang='grc' dir='ltr'>ἐΑκιλίου</span> <span class='ocrx_word' id='word_1_377' title='bbox 643 4177 877 4259; x_wconf 76' lang='grc' dir='ltr'><strong><em>νιτατεῦσαντος,</em></strong></span> <span class='ocrx_word' id='word_1_378' title='bbox 905 4180 939 4255; x_wconf 82' lang='grc' dir='ltr'><strong><em>ἐς</em></strong></span> <span class='ocrx_word' id='word_1_379' title='bbox 967 4167 1209 4282; x_wconf 68' lang='lat' dir='ltr'>dictrictae,</span> <span class='ocrx_word' id='word_1_380' title='bbox 1190 4203 1226 4258; x_wconf 77' lang='grc' dir='ltr'><strong><em>ης</em></strong></span> <span class='ocrx_word' id='word_1_381' title='bbox 1248 4199 1350 4260; x_wconf 85' lang='grc' dir='ltr'><strong><em>αρχειτ</em></strong></span> 
     </span>
     <span class='ocr_line' id='line_1_42' title="bbox 269 4261 1350 4351; baseline -0.004 -21"><span class='ocrx_word' id='word_1_382' title='bbox 269 4266 379 4348; x_wconf 61' lang='lat' dir='ltr'>mette,</span> <span class='ocrx_word' id='word_1_383' title='bbox 393 4267 610 4348; x_wconf 79' lang='grc' dir='ltr'><strong><em>παρίονιος,</em></strong></span> <span class='ocrx_word' id='word_1_384' title='bbox 627 4266 854 4351; x_wconf 73' lang='grc' dir='ltr'><strong><em>ἐπικουρίαν</em></strong></span> <span class='ocrx_word' id='word_1_385' title='bbox 871 4261 1044 4350; x_wconf 85' lang='grc' dir='ltr'><strong><em>αἰτήσας,</em></strong></span> <span class='ocrx_word' id='word_1_386' title='bbox 1059 4287 1128 4328; x_wconf 88' lang='grc' dir='ltr'><strong><em>ονκ</em></strong></span> <span class='ocrx_word' id='word_1_387' title='bbox 1146 4265 1293 4348; x_wconf 77' lang='grc' dir='ltr'><strong><em>ἔτυχεν,</em></strong></span> <span class='ocrx_word' id='word_1_388' title='bbox 1316 4261 1350 4328; x_wconf 80' lang='grc' dir='ltr'><strong><em>ἐν</em></strong></span> 
     </span>
    </p>
   </div>
   <div class='ocr_carea' id='block_1_4' title="bbox 0 0 1554 4966">
    <p class='ocr_par' dir='ltr' id='par_1_8' title="bbox 0 0 1554 4966">
     <span class='ocr_line' id='line_1_43' title="bbox 0 0 1554 4966; baseline 0 0"><span class='ocrx_word' id='word_1_389' title='bbox 0 0 1554 4966; x_wconf 95' lang='lat' dir='ltr'> </span> 
     </span>
    </p>
   </div>
  </div>
 </body>
</html>
