3098 4970
474 386 724 447 HISTORIARUM
745 385 981 444 FRAGMENTA.
1022 387 1088 442 LlB.
1113 387 1134 441 Ι.
1301 381 1350 444 69·

256 563 342 648 Quid
365 560 419 631 ille
446 559 489 630 ob
517 558 600 628 bene
624 559 712 628 tacto
740 559 897 650 cepisset,
926 555 1021 627 cuius
1048 556 1229 628 sceleribus
1252 561 1342 630 tanta

227 687 401 789 apraemia
429 683 612 758 tribuistis?
650 685 695 756 At
722 682 846 754 scilicet
874 705 950 768 eos,
985 683 1041 776 qui
1072 683 1113 752 ad
1140 686 1343 774 postremum

253 832 361 906 usque
390 810 538 903 legatos
568 828 699 900 pacem,
724 807 933 880 concordiam
961 812 993 878 et
1023 807 1088 878 alia
1116 808 1343 882 huiuscemodi

255 937 488 1018 decreverunt,
519 935 659 1026 gratiam
685 937 726 1006 ab
755 958 796 1006 eo
823 936 1003 1026 peperisse.
1047 933 1114 1004 lmo
1141 935 1287 1026 despecti
1310 938 1342 1005 et

252 1062 378 1156 indigni
393 1061 563 1155 republica
577 1059 677 1132 babiti
691 1061 834 1153 praedae
856 1061 931 1132 loco
951 1062 1192 1184 aestumantur,
1221 1061 1342 1155 quippe

248 1271 312 1344 pidi
325 1271 474 1342 praeteris,
496 1270 544 1340 qui
557 1271 689 1324 accusari
704 1274 835 1340 coeperet
848 1284 866 1322 a
880 1265 984 1344 duobis
997 1268 1129 1340 Metellis,
1145 1269 1239 1326 celere
1249 1273 1276 1324 et
1289 1268 1343 1325 Ne-

211 1361 330 1428 pate,·
344 1357 484 1425 quiquam
496 1352 598 1423 lapibus
611 1355 841 1424 interruperunt,
863 1354 925 1406 rrictr'
942 1353 1000 1408 aaa
1015 1356 1093 1426 apud
1102 1355 1238 1428 papulam
1251 1357 1345 1426 pratia

255 1440 426 1494 destiterant
463 1436 532 1492 ibid.
547 1436 600 1499 lll
614 1440 658 1503 91,
673 1442 735 1495 ata.
769 1435 1102 1496 Hoeerimennonmodo
1116 1439 1247 1494 Marcelli
1257 1438 1343 1509 sacto,

254 1524 306 1580 sed
325 1537 361 1578 ue
381 1521 509 1592 Lepidi
529 1519 726 1592 quidempates
740 1519 900 1591 defendere.
936 1520 1047 1593 Ampel.
1062 1524 1109 1578 lib.
1125 1539 1242 1578 memor.
1257 1539 1282 1576 c.
1298 1526 1342 1582 40.

255 1609 365 1666 Bellum
379 1605 502 1678 Lepidus
523 1611 621 1660 οοηινο
638 1605 762 1662 Cubitum
776 1607 921 1678 eaciaaeit,
941 1605 974 1661 cb
989 1612 1087 1664 metum
1109 1607 1259 1664 Siciliae
1280 1623 1343 1664 ere-

255 1694 446 1765 spoliatae.
473 1693 515 1769 ¹cl.
531 1691 604 1745 intra
620 1695 645 1755 ς.
665 1697 706 1750 15.
722 1720 763 1730 -
797 1690 848 1747 Era
870 1692 1005 1748 incertun
1023 1700 1083 1761 est,
1103 1698 1195 1750 utrum
1208 1694 1343 1765 temporis

256 1779 368 1832 notione
389 1778 484 1831 valeat
499 1780 566 1847 poet
588 1775 636 1844 (v.
654 1775 692 1831 ad
709 1773 788 1831 Catil.
802 1793 828 1830 c.
843 1777 897 1844 IV,
920 1777 981 1844 1.),
1006 1795 1042 1833 an
1056 1795 1177 1836 caussae
1193 1779 1221 1832 vi
1243 1780 1288 1846 (v.
1306 1779 1344 1834 ad

256 1863 314 1920 eat.
335 1880 361 1917 e.
383 1862 449 1928 Xll,
474 1861 521 1929 9.)
543 1861 682 1932 significet
702 1863 975 1936 rupistis-parturn
991 1878 1052 1920 esre
1066 1865 1247 1920 comulatam.
1284 1865 1342 1920 Hoc

257 1951 424 2020 quamquam
436 1951 550 2018 propter
565 1948 711 2017 sequentia
725 1946 942 2018 praeterendum
957 1948 1096 2017 videatur,
1114 1955 1207 2006 tamen
1220 1965 1267 2006 res
1281 1951 1343 2021 ipsa
1424 1942 1434 1956 ’

255 2034 347 2106 potius
363 2033 487 2104 priorem
498 2033 713 2103 explicationem
728 2032 845 2100 suadet3
864 2049 929 2087 narn
946 2050 1030 2103 quurn
1043 2035 1166 2106 Lepidus
1180 2035 1342 2105 rapinarum

254 2135 357 2174 caussa
369 2121 519 2174 accusatus
532 2123 617 2183 esset,
634 2118 780 2188 Philippus
790 2116 862 2172 dicit
875 2117 1056 2174 nihilominus
1072 2136 1135 2175 earn
1146 2125 1213 2190 post
1227 2122 1342 2190 rapinas

255 2205 429 2272 consulatum
446 2203 612 2272 accepisse3
634 2203 688 2256 nisi
705 2203 774 2256 lorte
789 2201 844 2256 hoc
861 2202 956 2269 voluit,
978 2204 1082 2274 opibus,
1103 2220 1141 2259 ex
1157 2205 1266 2274 rapinis
1278 2207 1341 2260 'col-

61 2319 74 2339 .
165 2297 169 2300 “
255 2291 344 2354 belis,
364 2288 465 2357 quibus
480 2287 555 2382 plebi
570 2281 733 2358 largiretur,
757 2303 820 2342 eum
836 2288 1009 2345 consulatum
1027 2289 1080 2344 sibi
1094 2303 1223 2360 parasse.
1241 2317 1276 2328 -
1303 2289 1342 2344 Ob

254 2374 411 2428 seditionem
429 2389 469 2426 so.
488 2373 517 2428 in
532 2372 595 2442 ipsa
611 2374 678 2428 urbe
693 2372 860 2440 excitatam3
880 2389 909 2427 v.
925 2371 1090 2445 adFragm.
1106 2375 1133 2440 Ι,
1151 2375 1252 2432 46-
1287 2376 1341 2429 Pro

149 2483 151 2487 ·
253 2458 322 2514 bene
333 2457 437 2529 sacta
431 2474 460 2512 rn
477 2455 561 2512 Cortii
580 2461 606 2510 et
625 2455 764 2512 Gerlachii
780 2455 826 2511 ed.
842 2458 909 2512 rnai.
902 2475 1073 2530 .perperam
1089 2460 1222 2570 scripturn
1238 2464 1281 2514 est
1295 2459 1340 2515 be-

254 2543 381 2616 nefacla5
403 2559 432 2598 v.
450 2541 487 2598 ad
503 2541 562 2598 Cat.
578 2543 656 2610 Vlll,
673 2548 699 2600 5.
715 2560 742 2615 p.
758 2546 803 2602 46.

339 2634 366 2694 S.
386 2633 413 2685 5.
455 2628 492 2683 ΑΙ
503 2629 606 2684 sertwet
620 2642 719 2683 eor-
684 2628 770 2682 -ab
787 2642 818 2684 ee
826 2621 996 2702 peperisse).
1030 2629 1071 2682 lta
1087 2628 1251 2684 Gerlaebius
1265 2635 1340 2686 recte

253 2730 290 2768 ex
304 2714 369 2768 Vat.
386 2719 412 2770 l.
427 2719 455 2765 el
468 2717 496 2770 2.
517 2712 619 2781 edidit,
636 2714 803 2784 quibuscum
818 2713 957 2768 consentit
969 2715 1130 2777 etiam-Vat.
1141 2716 1179 2780 3.,
1193 2714 1249 2770 nisi
1265 2713 1341 2785 quod

254 2799 390 2853 mendose
410 2797 496 2852 babeo
512 2815 567 2868 pro
587 2797 666 2853 abeo
682 2798 805 2856 exhibet.
849 2789 933 2852 Plura
958 2797 987 2852 in
1011 2798 1077 2854 edd.
1102 2797 1207 2870 antiqq.
1232 2802 1341 2855 turbata

255 2888 334 2950 sunl,
357 2884 385 2936 in
408 2883 509 2952 quibus
531 2883 862 2952 procuratarum
879 2885 1027 2952 peperisse
1047 2888 1181 2940 mutatum
1208 2886 1236 2940 in
1253 2899 1340 2956 pepe—

254 2960 334 3034 rere}
353 2965 475 3036 denique
501 2966 553 3038 ad,
578 2965 658 3036 ‚quod
676 2971 720 3020 est
741 2970 804 3019 ante
819 2967 1015 3035 postremum,
1028 2971 1191 3024 translatum
1209 2970 1255 3026 vel
1276 2975 1340 3024 ante

145 3047 153 3092 Γ
254 3052 355 3124 lepates
373 3051 420 3106 vel
436 3056 500 3107 ante
512 3065 631 3122 pacem,·
649 3051 706 3106 hoc
720 3049 799 3104 haud
814 3049 898 3114 dubie¹
913 3067 1008 3105 errore
1025 3055 1143 3119 lactum,
1166 3058 1276 3107 ceterae
1292 3053 1340 3108 de-

196 3125 202 3134 ’
253 3137 435 3208 pravationes
461 3137 497 3190 ab
523 3137 770 3207 interpolatoribus
796 3135 963 3207 prolectae‚·
988 3138 1034 3206 qui
1060 3137 1162 3191 scilicet
1185 3138 1339 3206 particulae

254 3239 334 3278 usum
353 3239 409 3278 non
426 3221 569 3294 cognitum
584 3221 735 3288 haberent;
760 3241 788 3277 v.
803 3219 840 3274 ad
854 3220 914 3290 lug.
932 3217 991 3290 (ΙΙΙ,
1007 3224 1034 3278 9.
1048 3237 1077 3292 p.
1094 3224 1157 3279 551.
1180 3249 1222 3260 -
1243 3221 1280 3276 ΑΙ
1293 3224 1341 3276 ob·

253 3309 403 3363 lectionem
418 3307 647 3364 adversariorum
665 3325 681 3363 a
700 3305 829 3377 Philippo
846 3304 939 3362 fictam
955 3305 1051 3376 insert,
1069 3321 1138 3377 qua,
1162 3307 1226 3361 lieet
1240 3323 1340 3362 eonce—
1365 3367 1366 3372 1

255 3391 335 3446 datur
350 3392 457 3463 Lepido
473 3393 589 3448 nimium
605 3393 692 3448 luisse
709 3407 890 3457 concessum,
906 3396 998 3446 tamen
1011 3408 1073 3448 eam
1088 3407 1147 3446 rem
1162 3391 1260 3448 amicis
1278 3393 1339 3448 eius

163 3511 176 3528 .-
255 3476 373 3547 gratiam
393 3477 749 3549 peperissecontenditur3
772 3493 801 3532 v.
818 3475 909 3530 Hand.
926 3474 962 3530 de
971 3477 1095 3537 Partica.
1114 3477 1173 3532 Lat.
1190 3477 1254 3531 Vol.
1271 3478 1291 3532 l.
1302 3495 1338 3548 p.

254 3565 315 3620 439
332 3589 374 3600 -
405 3561 609 3632 Decreveruat,
635 3561 670 3617 de
693 3578 747 3632 quo
764 3562 851 3616 verbo
866 3579 895 3618 v
911 3559 949 3616 ad
964 3561 1023 3633 lug
1040 3580 1065 3617 e
1084 3561 1154 3628 clv,
1169 3568 1240 3618 9
1221 3579 1251 3632 p.
1267 3566 1338 3631 566,

254 3663 306 3719 per
324 3661 443 3718 zeugma
459 3645 496 3701 ad
510 3661 681 3718 praegressa
699 3645 872 3702 substantiva
890 3647 1024 3714 refertum
1048 3663 1113 3702 narn
1140 3647 1250 3716 plenior
1276 3665 1340 3704 sen-

255 3731 341 3786 tentia
354 3729 425 3787 haee
441 3737 500 3785 est:
525 3731 571 3802 qui
586 3735 753 3787 censuerunt
770 3732 879 3804 legatos
899 3747 964 3786 esse
980 3732 1136 3799 ΙοΙΙΙοοΙΙοΙ,
1163 3748 1264 3809 pacem
1277 3747 1339 3788 ecr-

254 3816 391 3886 aaadam,
417 3815 598 3872 concordiam
612 3812 770 3886 ineundam.
784 3845 827 3856 -
855 3814 985 3888 Despecti
1003 3817 1207 3890 explicavimus
1223 3815 1261 3872 ad
1278 3806 1338 3890 lug.

254 3901 391 3973 LXXXV,
410 3906 453 3960 19.
474 3918 502 3973 p.
518 3903 647 3959 454.--
675 3901 769 3958 Verba
790 3906 817 3976 el
837 3899 943 3973 iadrpni
963 3901 1104 3974 republica
1124 3901 1283 3958 Arusianus
1309 3919 1337 3973 p.

254 3991 315 4047 936.
333 3985 383 4042 ed.
396 3985 477 4041 Lind
494 4002 529 4040 ex
542 3985 633 4057 primo
649 3968 844 4043 Historiarum
850 3985 919 4040 libro
942 3986 1111 4042 laudat-
1130 3985 1261 4043 Praedae
1280 3988 1338 4044 loco

255 4076 445 4128 aestumaatar
460 4070 552 4126 Faber
566 4073 639 4125 bane
656 4070 697 4126 sie
712 4071 850 4143 explieat:
874 4072 945 4126 tales
958 4063 993 4126 ab
1014 4087 1047 4126 eo
1063 4075 1210 4143 putantur,
1231 4072 1337 4166 paitrus,

255 4158 339 4213 victis
355 4157 472 4223 ceteris,
495 4148 643 4211 certasime
658 4157 838 4230 imperet-
797 4151 933 4223 -Quru
953 4173 994 4211 sc
1001 4162 1095 4212 «metu

208 4305 210 4310 ,
340 4245 410 4307 §.b
452 4239 597 4297 Etruriam
611 4233 785 4315 caraurare).
828 4240 868 4295 De
886 4241 1013 4298 Etruriae
1031 4242 1223 4298 coniuratione
1248 4259 1277 4296 v.
1299 4239 1338 4296 ad

255 4327 366 4400 Fragm.
383 4327 419 4396 Ι,
424 4329 468 4386 48.
484 4329 528 4386 49.
543 4357 590 4372 -«
606 4325 722 4403 Accersr‘
740 4327 806 4382 est
800 4343 828 4382 ιη
842 4326 907 4395 Vat.
929 4332 956 4388 1.
971 4332 997 4384 2.
1011 4331 1057 4399 3.;
1080 4326 1219 4387 editiones
1235 4324 1339 4385 habeut
