3102 4956
234 343 297 408 256
595 347 626 406 C.
649 346 822 406 SALLUSTI
844 348 957 408 cnlsm

235 534 393 626 strepitus
428 535 623 606 tumultuosi
662 557 803 608 sonores
842 536 988 632 undique
1018 540 1198 618 muttum,
1225 535 1321 606 mittit

233 661 361 754 equites
387 662 420 730 ln
446 661 602 730 tumulum
626 658 747 730 circum
776 661 1019 751 prouinciam,
1049 661 1086 728 ut
1108 661 1321 752 explorarent

227 789 403 880 fautinus,
422 808 572 894 propere
592 784 733 899 vestium
754 787 884 856 somnos
902 784 1050 898 credens·
1062 784 1095 854 lo
1119 837 1127 855 .
1150 789 1245 858 ‚toto
1263 789 1348 857 ta-tt

235 1026 326 1084 CASS
335 1065 410 1084 .....
418 1025 455 1082 Nl
470 1023 574 1084 lCTUS
593 1027 626 1084 SI
641 1027 799 1096 nulnum
823 1044 878 1099 quo
895 1025 1029 1083 seductus
1045 1026 1137 1084 Maius
1152 1028 1241 1084 verba
1254 1043 1320 1100 per·

231 1127 330 1185 peram
348 1113 488 1184 explevit=
511 1119 540 1166 et
559 1115 593 1167 ln
607 1119 748 1169 cassum
762 1115 900 1169 coniectus
914 1113 1046 1183 lapidum.
1132 1151 1136 1154 -

318 1197 358 1252 acl
371 1198 423 1253 lzoo
438 1199 573 1269 strepitus
585 1200 742 1254 tumultuosi
759 1199 887 1265 sonores)
905 1195 974 1252 Cod.
991 1198 1055 1252 Vat.
1073 1199 1240 1271 scripturam
1254 1200 1319 1255 Nie-

230 1282 353 1339 buhrius¹
370 1285 411 1338 sic
434 1282 654 1338 enotavil:'....
680 1280 915 1340 OSTREPITUS
937 1281 1058 1337 TUMUL
1179 1283 1319 1341 180Νο-

231 1366 300 1425 RES
307 1384 316 1436 ;
338 1368 429 1423 Maius
525 1366 721 1424 STREPITUS
736 1367 858 1423 TUMUL
958 1364 1141 1437 SONORES;
1168 1368 1317 1425 Bimardus

309 1452 505 1510 STREPITUS
522 1452 644 1509 TUMUL
737 1447 754 1506 1'
766 1451 846 1509 CON.
862 1451 947 1507 NON.
979 1453 1023 1508 Ex
1043 1451 1160 1509 residua
1180 1455 1271 1508 littera
1287 1453 1317 1522 C,
1359 1487 1362 1490 -

232 1555 316 1610 quam
330 1537 502 1594 Niebuhrius
519 1538 597 1592 solus
614 1537 826 1606 animadvertit,
845 1537 1034 1608 Kreyssigius
1045 1538 1139 1610 primo
1159 1535 1320 1594 coniecerat

231 1623 270 1678 ad
282 1623 351 1678 nuce
367 1641 384 1678 a
400 1621 534 1678 Sallustio
549 1623 683 1694 scriptum
699 1640 764 1678 esse
773 1637 782 1691 3
804 1621 857 1678 sed
879 1621 982 1676 deinde
1003 1623 1042 1677 acl
1055 1622 1106 1678 lzoc
1124 1624 1228 1679 rectius
1247 1623 1319 1680 iudi-

231 1709 316 1775 cavit,
334 1706 409 1778 quod
425 1707 508 1761 unice
522 1709 686 1779 probamus,
700 1723 759 1761 non
774 1712 831 1762 tam
847 1707 913 1778 quia
928 1711 1058 1778 quattuor
1080 1708 1233 1764 litterarum
1250 1726 1318 1781 spa-

232 1793 300 1848 tium
315 1794 415 1846 lacuna
429 1791 551 1863 prodere
566 1791 690 1860 videtur,
709 1798 739 1847 ut
754 1792 800 1846 ille
817 1796 923 1859 censet,
949 1791 1001 1846 scd
1017 1793 1084 1864 quia
1099 1793 1232 1864 loquendi
1249 1811 1318 1849 usus

230 1875 261 1930 id
281 1877 383 1948 exigit,
406 1892 461 1946 quo
481 1876 517 1931 de
542 1877 726 1947 exposuimus
748 1877 785 1932 ad
801 1875 880 1932 Catil.
900 1893 925 1931 c.
944 1875 1043 1948 XXXI,
1059 1883 1086 1936 8.
1102 1895 1129 1948 p.
1146 1881 1205 1936 148.
1240 1878 1318 1933 Idem

231 1977 267 2016 ex
290 1963 302 2016 l
323 1963 430 2029 littera,
444 1977 536 2033 quam
558 1968 586 2016 et
606 1961 778 2018 Niebuhrius
801 1961 994 2022 etBimardus
1017 1962 1045 2016 in
1064 1962 1163 2018 codice
1180 1965 1318 2036 legerunt,

231 2063 341 2102 summa
358 2047 554 2118 probabilitate
572 2047 734 2119 suspicatus
753 2052 796 2102 est
810 2048 957 2117 abruptam
974 2063 1074 2102 vocem
1091 2035 1212 2104 TUMUL
1230 2084 1290 2104 ....
1308 2047 1319 2101 l

230 2133 369 2204 integram
393 2132 481 2187 luisse
503 2133 667 2188 tumultuosi.
689 2121 732 2170 —‘
751 2131 859 2200 Maius,
879 2132 960 2186 'nulla
975 2132 1171 2204 singularum,¹
1187 2149 1259 2205 quoe
1276 2148 1319 2187 rc·
1366 2143 1371 2149 ’
1469 2144 1472 2148 ’

217 2205 315 2285 ‘stant
333 2219 488 2273 litterarum
502 2218 610 2272 ratione
625 2217 736 2285 habita,
756 2217 849 2284 locum
866 2217 907 2272 sic
927 2217 1083 2289 supplevit:
1105 2233 1224 2274 uocum
1246 2224 1318 2273 atre-

224 2305 319 2373 pitus,
340 2302 607 2358 tumultuantium
634 2317 764 2372 sonores,
789 2301 867 2374 quod
893 2317 975 2357 nemo
1001 2317 1092 2372 neque
1113 2301 1170 2357 fide
1192 2310 1317 2371 externa,

230 2403 320 2458 neque
338 2388 556 2454 constructione,
568 2403 660 2458 neque
677 2392 764 2442 sensu
778 2388 880 2442 melius
898 2389 1014 2458 putabit.
1026 2415 1068 2426 --
1079 2387 1175 2444 Verba
1189 2389 1318 2460 proxima

231 2471 295 2527 cod.
312 2472 376 2526 Vat.
393 2472 433 2526 sic
448 2469 547 2526 habet:
567 2471 677 2539 UNDIQ
687 2509 780 2526 ......
786 2472 853 2526 tm.-
878 2470 1024 2543 Sagcciter
1040 2473 1224 2544 Kreyssigius
1241 2489 1319 2528 asse-

231 2561 367 2612 cutusest
380 2556 409 2610 in
423 2556 526 2610 lacuna
537 2571 584 2611 am
595 2557 706 2628 syllaba
716 2557 865 2612 terminata
875 2557 1015 2628 participii
1034 2558 1190 2628 genitivum
1213 2559 1317 2625 latere;

231 2641 283 2698 sod
307 2639 382 2712 quod
396 2641 488 2711 primo
503 2641 623 2695 coniecit
640 2641 835 2713 praedantium
843 2647 1019 2712 ,propterea
1033 2643 1099 2696 lerri
1114 2643 1225 2714 nequit,
1242 2641 1318 2713 quod

230 2727 327 2798 paullo
349 2730 412 2780 ante
432 2727 472 2794 (§.
488 2727 530 2794 4.)
546 2725 650 2782 dictum
666 2733 709 2781 est
728 2726 863 2798 fugitivos
887 2727 988 2782 timore
1009 2727 1133 2783 hostium
1149 2743 1185 2782 ex
1205 2728 1320 2799 propin·

232 2827 287 2883 quo
310 2810 473 2877 instantium
495 2810 679 2883 praedatione
702 2810 882 2868 abstinuisse.
911 2813 1013 2868 Postea
1032 2813 1149 2886 tentavit
1172 2815 1318 2880 mentum,

233 2897 378 2969 explicans
395 2901 551 2952 caurorum
559 2898 651 2970 portis
665 2899 877 2953 occursantium.
905 2897 993 2953 Nobis
1009 2898 1100 2969 magis
1116 2899 1242 2968 placeret
1255 2913 1319 2952 con-

232 2984 402 3038 currentium
416 2983 463 3037 vel
477 2984 692 3052 accurrentium,
708 2983 774 3054 quia
786 2997 955 3054 persuasum
970 2987 1013 3038 cst
1029 2982 1075 3054 agi
1092 2981 1128 3037 de
1140 2983 1318 3038 tumultuosis

231 3068 401 3123 clamoribus
424 3075 587 3137 servorum,
612 3067 660 3139 qui
682 3067 803 3123 dominis
826 3068 932 3123 relictis
954 3067 1079 3138 quotidie
1094 3067 1133 3122 ad
1150 3065 1319 3139 Spartacum
1381 3097 1385 3104 .

231 3153 351 3224 undiquc
366 3153 537 3224 confluerent
559 3154 677 3223 eiusque
692 3153 846 3206 exercitum
861 3157 999 3223 augerent
1008 3168 1016 3221 ;
1039 3152 1091 3208 sed
1109 3153 1175 3224 quia
1198 3153 1238 3208 sic
1254 3169 1320 3211 ver-

233 3256 282 3293 sus
297 3241 332 3296 m
347 3240 395 3293 vel
410 3242 445 3296 26
460 3237 559 3293 litteris
577 3241 727 3304 constaret,
747 3235 899 3307 quod-fieri
915 3237 1020 3308 nequit,
1035 3238 1064 3291 in
1079 3240 1166 3294 verbo
1181 3240 1319 3293 mannum

233 3321 473 3393 acquiescendum
490 3326 568 3393 puto,
586 3338 641 3393 quo
660 3320 916 3388 accommodatius,
939 3322 1016 3392 quod
1032 3339 1148 3379 versum
1163 3339 1219 3400 non
1236 3339 1318 3378 exco-

233 3403 290 3475 dat,
316 3421 373 3460 non
398 3407 522 3477 reperio.
546 3435 589 3444 ——
615 3405 722 3474 Malus,
748 3407 840 3460 vacuo
865 3413 930 3478 post
954 3406 1074 3480 anduno
1098 3409 1189 3478 spatio
1205 3409 1318 3477 relicto,

232 3504 304 3544 sum
318 3492 425 3545 mittit
440 3493 541 3562 equites
555 3489 683 3561 scripsit,
699 3490 775 3561 quod
791 3489 827 3544 dc
842 3493 1018 3565 explorando
1034 3493 1118 3547 latine
1134 3509 1191 3548 non
1205 3490 1316 3549 dicitur.

234 3573 385 3630 KREYSS.
812 3637 814 3640 ,
915 3577 917 3582 ’

317 3661 346 3714 tn
367 3658 499 3713 tumulum
521 3660 626 3714 circum
641 3661 857 3731 prominentem)
879 3659 947 3718 cod.
970 3661 1033 3718 Vat.
1058 3679 1226 3735 quamquam
1251 3661 1318 3718 nihil

232 3741 318 3798 habet
343 3748 455 3816 practer
481 3782 488 3797 .
504 3782 510 3795 .
526 3784 533 3798 .
549 3784 556 3798 .
571 3743 831 3803 UMCIRCUMPRO
849 3787 856 3800 .
872 3787 879 3802 .
895 3786 902 3802 .
918 3752 1051 3814 „tamen
1075 3755 1201 3819 apertum
1223 3754 1266 3804 est
1290 3749 1318 3802 in

232 3830 335 3885 lacuna
354 3833 418 3884 ante
436 3823 570 3882 CIRCUM
585 3831 676 3886 locum
694 3831 782 3886 luisse
798 3831 962 3899 indicatum,
981 3849 1036 3904 quo
1054 3833 1188 3888 Varinius
1208 3834 1318 3904 equites

233 3915 363 3968 mitteret.
396 3912 451 3966 Vix
467 3917 559 3967 autem
575 3914 651 3969 allud
667 3917 817 3983 succurrit,
842 3933 925 3987 quam
941 3919 1018 3988 quod
1041 3935 1057 3972 a
1071 3919 1239 3990 Kreyssigio
1255 3934 1319 3988 pro-

233 3999 357 4068 positum
378 3999 407 4052 in
427 4002 504 4052 textu
527 4001 736 4070 expressimus,
760 4001 807 4056 vel
828 4000 904 4072 quod
923 4003 978 4074 ipsi
999 4004 1066 4059 olim
1090 4003 1264 4058 centenimus
1284 3995 1318 4058 in

233 4086 392 4138 montium
413 4085 517 4138 circam
533 4087 781 4155 prominentia,
806 4086 823 4140 i.
840 4103 866 4142 e.
884 4087 913 4140 in
929 4094 1038 4143 montes
1054 4089 1255 4159 prominentes
1270 4088 1317 4159 qui

233 4171 338 4225 circum
358 4174 446 4224 crant.
462 4197 504 4206 -—
521 4168 685 4225 Gerlachius
703 4171 768 4224 Vol.
787 4168 832 4225 ΙΙΙ.
847 4187 876 4242 p.
891 4175 951 4230 391.
969 4173 1133 4230 Sallustium
1148 4175 1226 4241 mittit
1244 4173 1319 4244 equi·

233 4259 274 4308 teo
296 4255 473 4328 sociorum
497 4255 601 4310 circum
623 4256 819 4327 propinqua
846 4257 926 4312 loco
954 4258 1105 4329 scripsisse
1127 4259 1221 4312 minus
1243 4264 1318 4312 recte
