3062 4958
206 349 269 412 282
434 353 441 361 ’
558 353 589 410 C.
612 353 785 420 SALLUSTI
806 353 921 410 cursat

205 563 287 612 vera
304 545 337 612 et
359 542 500 612 honesta
519 538 681 633 flagitium
704 539 928 631 superaverit,
955 559 1023 608 non
1044 543 1095 610 est
1119 540 1286 629 condicio,

203 667 337 752 luisset,
366 667 394 736 si
423 665 557 736 omnino
584 665 770 758 quiescetis
810 666 904 735 Nunc
929 664 1073 736 ιιιιίιιιιιιιι
1098 664 1285 750 advortere,

205 794 238 860 et
263 791 326 860 nisi
346 789 505 874 viceritiS,
533 789 687 881 quomam
715 789 822 860 omnis
847 790 965 860 iniuria
994 789 1158 882 gravitate
1184 790 1285 862 tutior

204 917 271 999 est,
290 914 394 984 artius
413 915 588 984 habebunt.
612 912 698 998 Quid
715 934 833 984 censes
852 913 976 1007 igitur?
995 915 1114 1008 aliquis
1134 918 1285 988 vostrum
1292 937 1325 990 14
1381 989 1384 998 ,

203 1038 387 1110 subiecerit.
425 1038 569 1110 Primum
603 1037 749 1110 omnium
782 1039 1000 1110 omittundum
1031 1061 1156 1110 morem
1185 1040 1283 1126 hunc,

203 1187 300 1258 quem
318 1162 437 1258 agite,
462 1163 623 1257 impigrae
646 1163 798 1257 linguae,
821 1164 919 1234 animi
946 1164 1077 1257 ignavi,
1102 1187 1170 1234 non
1197 1166 1283 1236 ultra

286 1363 314 1447 ξ.
329 1373 372 1427 14.
393 1369 583 1439 omrttrmdrcn)
596 1369 657 1426 lloc
672 1386 771 1426 omnes
786 1374 881 1427 tenent
896 1368 999 1440 codd.;
1020 1369 1073 1426 sed
1095 1387 1180 1443 quum
1196 1371 1282 1430 Arus.

201 1475 231 1514 v.
245 1473 312 1530 ayo,
328 1473 358 1527 p·
372 1462 434 1515 212.
455 1455 536 1514 Lind.
550 1455 625 1512 hunc
639 1456 732 1512 locum
749 1457 791 1512 sic
807 1454 921 1512 afferet:
942 1455 1117 1512 amfflmtdcm
1129 1455 1206 1524 lum
1223 1472 1282 1512 mo-

200 1559 274 1611 rena,
289 1556 369 1614 quem
382 1543 475 1616 eques,
492 1541 612 1596 Orellius
629 1546 656 1594 ct
673 1539 839 1596 Gerlachius
856 1542 885 1596 in
901 1540 948 1596 ed.
962 1541 1032 1596 min.
1049 1541 1225 1596 ammodum
1239 1558 1282 1596 re·

201 1619 350 1700 ceperunt,
360 1625 437 1699 quod
451 1625 536 1683 valde
552 1626 713 1682 inconsulto
727 1628 904 1694 lactum,non
919 1626 1012 1696 magis
1026 1625 1184 1682 certissima
1199 1626 1283 1681 libro·

202 1729 261 1766 rum
276 1711 343 1778 fide,
358 1727 441 1783 quam
456 1715 535 1765 recta
550 1709 663 1765 dicendi
678 1711 797 1779 ratione,
815 1712 895 1766 cuius
911 1709 1014 1766 certior
1029 1711 1115 1768 etiam
1129 1716 1174 1766 est
1188 1715 1283 1766 aucto-

201 1799 285 1863 ritas,
301 1798 438 1851 obstante.
454 1795 612 1850 Verissime
629 1796 703 1850 enirn
720 1796 827 1852 Faber:
844 1797 1024 1868 „onumen
1040 1796 1139 1868 inquit,
1154 1796 1282 1852 volentes

201 1888 229 1936 et
244 1886 359 1951 sponte,
375 1882 521 1936 annuamus
536 1880 615 1934 inviti
630 1885 657 1934 et
669 1883 775 1948 casu;“
793 1881 893 1952 quibus
909 1879 1000 1944 adde,
1015 1897 1089 1952 quae
1107 1881 1230 1938 diximus
1245 1881 1283 1938 ad

200 1969 260 2036 lug.
277 1982 302 2019 c.
320 1965 427 2037 XXXI,
442 1967 484 2023 1⁷.
499 1982 527 2036 p.
547 1968 607 2024 186.
628 1965 660 2020 ln
678 1971 754 2021 tanto
771 1982 873 2022 sensus
895 1966 1071 2032 discrimine,
1089 1971 1249 2022 constanter
1266 1982 1283 2022 a

202 2051 383 2121 scriptoribus
406 2052 572 2117 observato,
594 2064 651 2105 non
671 2049 786 2106 difficile
807 2055 868 2106 erat
887 2050 987 2109 videre
1008 2051 1186 2108 occidendum
1206 2050 1282 2122 apud

201 2136 371 2192 Arusianum
400 2141 561 2206 corruptum
585 2151 666 2202 esse,
692 2151 785 2207 neque
811 2137 898 2191 ullam
929 2152 1062 2192 caussam
1083 2153 1164 2206 esse,
1185 2152 1234 2192 cur
1256 2135 1281 2190 ei

199 2220 289 2276 maior
302 2221 383 2291 tides,
401 2235 486 2293 quam
500 2219 626 2276 Sallustii
643 2221 789 2278 codicibus
803 2221 950 2277 tribuatur.
966 2220 1104 2278 Nimirum
1119 2220 1156 2276 ed
1171 2227 1281 2291 tempus

199 2306 301 2362 oblitus
316 2313 359 2362 est
375 2304 495 2362 Orellius
513 2303 685 2361 Arusianum
700 2323 757 2360 non
779 2309 867 2362 instar
884 2305 992 2362 oraculi
1007 2321 1072 2362 esse
1093 2311 1141 2361 aut
1163 2307 1198 2361 ab
1218 2305 1281 2378 ipso

199 2390 328 2461 Apolline
349 2396 509 2459 exaratum,
527 2389 579 2445 sed
599 2391 704 2462 pariter
719 2397 749 2446 ut
765 2392 837 2448 alios
857 2391 945 2446 libros
969 2390 1016 2446 hic
1037 2391 1094 2448 illic
1115 2391 1281 2462 corruptelis

199 2474 400 2544 deformatum,
424 2474 608 2546 certiorisque
624 2475 706 2544 fidei,
725 2491 808 2546 quam
824 2477 947 2544 relicua,
958 2491 993 2530 ea
1008 2475 1200 2532 tantummodo
1214 2491 1281 2532 esse

199 2559 274 2631 apud
297 2577 361 2616 eum
386 2561 487 2625 verba,
515 2575 588 2630 quae
607 2558 644 2614 ad
666 2561 797 2615 lemmata
823 2561 1005 2616 articulorum
1025 2565 1162 2633 spectent.
1191 2561 1280 2617 lluius

200 2649 292 2699 autem
309 2645 416 2700 articuli
431 2646 533 2700 lemma
551 2660 607 2699 non
623 2649 666 2699 est
681 2646 819 2715 amittere,
834 2644 886 2700 sed
903 2657 997 2718 apere.
1011 2675 1055 2686 -
1065 2645 1144 2714 Quae
1160 2662 1281 2717 sequun-

198 2734 242 2784 tur
257 2732 362 2798 verba,
384 2731 421 2785 ita
444 2735 608 2800 comparate
630 2735 709 2797 sunt,
731 2735 760 2786 ut
780 2731 916 2804 impiproc
937 2731 1060 2803 ὶίιιφιαο,
1085 2732 1171 2786 ancre
1190 2733 1282 2804 ipram

199 2814 315 2886 genitivi
330 2816 386 2871 sint
401 2814 551 2870 attributivi
567 2814 604 2872 ad
624 2830 729 2872 morem
747 2815 822 2872 bunc
842 2815 1029 2888 pertinentes,
1044 2831 1101 2872 non
1119 2817 1194 2871 ultra
1212 2831 1279 2872 con-

197 2901 283 2955 eone
297 2901 385 2956 locum
398 2915 533 2957 numme
548 2900 679 2957 libertatis
693 2902 834 2974 appositio
851 2916 900 2958 vos
914 2901 1049 2969 subiecti,
1065 2899 1141 2972 quod
1157 2902 1186 2956 in
1201 2902 1281 2972 cyitis

198 2987 285 3041 verbo
301 2986 384 3042 inest.
403 2986 496 3042 Aliam
511 2986 768 3059 interpretationem
783 2988 907 3042 inierunt
926 2985 1091 3042 Gerlachius
1108 2993 1135 3042 et
1149 2986 1280 3055 Orellius,

198 3071 243 3141 qui
265 3073 399 3145 irnpiproe
421 3072 544 3144 linquae,
565 3075 652 3128 anani
670 3075 762 3146 ἰριιαυι·
782 3089 834 3145 pro
862 3071 1044 3130 nondnativis
1071 3073 1116 3128 vel
1141 3071 1279 3128 vocativis

196 3155 315 3225 hebent,
329 3157 473 3214 Romanos
489 3159 568 3230 ipsos
584 3160 623 3214 ita
638 3174 656 3212 a
671 3159 767 3213 Macro
781 3157 939 3230 appellatos
954 3157 1018 3214 rati.
1033 3155 1094 3213 Sed
1109 3172 1279 3227 quamquam

197 3242 410 3298 concedendum
431 3247 487 3312 est,
503 3243 616 3300 Latinos
632 3242 736 3313 pariter
750 3247 833 3313 atque
847 3241 971 3298 Graecos
986 3241 1127 3298 interdum
1141 3241 1196 3298 bac
1211 3256 1278 3314 syn·

197 3325 324 3382 ecdoche
346 3345 414 3383 usos
442 3342 524 3394 esse,
546 3333 576 3380 ut
596 3329 723 3397 corporis
742 3332 839 3397 partes
858 3343 910 3398 pro
928 3327 1063 3383 rniiversa
1083 3341 1207 3398 persona
1229 3343 1279 3397 po·

197 3417 295 3466 nerent
306 3413 358 3480 pt.
376 3411 464 3466 Plaut.
480 3412 566 3466 Poen.
584 3413 611 3480 l,
624 3416 657 3477 ἢ,
673 3414 762 3479 lta),
778 3418 871 3466 amen
892 3427 949 3466 non
971 3411 1001 3466 id
1022 3413 1074 3468 sibi
1089 3412 1280 3484 permiserunt

196 3502 225 3551 ut
241 3496 369 3551 homines
392 3494 517 3549 dicerent
537 3497 658 3561 mimos,
680 3497 783 3568 quippe
806 3495 881 3569 quod
898 3512 988 3567 paene
1010 3496 1163 3554 absurdum
1185 3495 1278 3552 videri

197 3581 321 3636 deberet
337 3581 373 3636 Ut
388 3583 479 3634 autem
494 3585 571 3636 recta
587 3579 698 3636 dicendi
713 3583 784 3636 ratio
798 3583 871 3637 lianc
889 3583 1146 3653 interpretationem
1160 3581 1277 3652 respuit,

197 3667 234 3720 ita
250 3664 402 3736 peculiaris
418 3665 505 3720 nostri
521 3665 575 3719 loci
591 3671 689 3722 natura
705 3666 780 3722 illam
795 3667 911 3722 alteram
930 3665 1111 3724 commendat
1124 3671 1208 3738 atque
1226 3663 1277 3722 ss·

196 3750 275 3821 gitat.
297 3749 367 3803 Nam
380 3751 468 3804 verba
483 3764 586 3806 morem
601 3751 675 3806 buno
696 3751 750 3809 nisi
774 3751 931 3808 accuratius
952 3750 1137 3818 definiuntur,
1160 3758 1191 3806 nt
1211 3750 1281 3806 sciri

196 3833 299 3906 possit,
324 3833 414 3905 quates
434 3849 495 3890 mos
515 3835 699 3908 intelligatur,
724 3837 787 3892 sine·
807 3837 860 3892 illis
883 3836 1016 3908 genitivis
1037 3851 1094 3892 non
1116 3836 1207 3892 solum
1227 3836 1276 3890 ob

197 3934 290 3985 scura,
303 3917 354 3975 sed
369 3933 487 3990 prorsus
503 3922 610 3976 absona
628 3922 804 3977 sunt-Ad
819 3924 907 3978 verba
922 3937 979 3976 non
993 3923 1068 3978 cultra
1078 3921 1276 3977 coucmnssetc.

196 4002 328 4058 Wassius
344 4007 413 4060 scite
433 4007 540 4062 notavit
556 4005 718 4063 Sallustium
739 4007 875 4062 imitatum
896 4006 988 4062 videri
1008 4005 1251 4062 Demosthenem
1246 4016 1274 4058 m

197 4087 317 4160 Philipp.
331 4089 380 4144 lV
395 4107 424 4162 p.
440 4093 484 4148 53.
508 4077 606 4147 Ουδέν
621 4084 714 4157 ἐστιν,
730 4107 754 4146 ω
741 4072 874 4166 ἄνδρες
885 4077 1067 4188 Ἀθηναξοι,
1074 4088 1135 4146 τῶν
1154 4079 1275 4184 reciperen

197 4163 419 4230 δυσκολώτατον
432 4160 514 4242 εἰς
486 4192 519 4230 το
528 4162 645 4278 mmccciv,
665 4163 685 4250 ἢ
708 4191 753 4231 οτι
773 4173 838 4244 ταῖς
849 4164 982 4269 yvripcpnr
995 4161 1078 4269 ὑμεῖς
1093 4161 1276 4269 ἆφεατήκαπ
1366 4244 1369 4250 ¹

197 4258 256 4327 cuv
274 4249 471 4346 πραγμάτων,
486 4253 538 4323 καὶ
550 4259 690 4324 τοσοῦτον
706 4249 813 4342 χρόνον
827 4245 1051 4338 σπουὸἆζηε,“
1030 4271 1105 4320 οσον
1121 4277 1161 4317 αν
1173 4246 1273 4336 καθη-
