3098 4970
481 394 987 456 61616611661116161161111.
1031 397 1096 453 116.
1121 396 1142 449 1.
1313 385 1355 454 81

751 661 818 717 Car.
838 663 870 717 V.

338 779 434 831 Bellum
449 781 631 840 Sertorianum.
645 815 681 825 —
700 784 805 836 Sertorii
818 784 905 850 priora
918 790 1041 852 tempora,
1055 813 1091 826 -
1107 784 1234 836 Sertorius
1248 783 1273 832 in
1287 781 1358 830 Mau-

268 869 373 922 retania.
388 898 425 910 -
442 869 505 922 116111
514 873 648 923 lusitanis
663 875 812 922 coniunctus
825 870 922 921 bellum
940 879 1083 926 616161-
1101 873 1163 923 Eius
1177 885 1280 938 pugnae
1295 885 1353 920 cum

267 957 346 1005 variis
369 958 477 1008 ducibus
495 959 617 1009 Romanis
641 967 665 1009 et
683 976 739 1010 cum
759 958 861 1008 Metello
879 974 960 1022 usque
978 960 1012 1010 ad
1025 960 1141 1026 Pompeii
1159 960 1185 1008 in
1202 957 1352 1024 Hispaniam

268 1043 415 1100 adventum.

310 1173 339 1270 ·.
370 1241 421 1307 511.
461 1237 502 1306 M.
532 1237 657 1329 Lepido
694 1259 768 1306 cum
801 1237 952 1307 omnibus
982 1236 1086 1330 copiis
1120 1213 1212 1308 ltalia
1243 1236 1353 1328 pulso,

267 1340 424 1432 segnior,
448 1363 555 1434 neque
576 1342 684 1410 minus
708 1339 839 1432 gravis,
861 1341 921 1440 sed
944 1342 1114 1432 multiplex
1141 1363 1221 1410 cura
1242 1345 1354 1434 patres

267 1466 454 1538 exercebat.

267 1674 381 1726 secutus
397 1673 450 1725 est.
481 1666 552 1724 Nam
569 1670 631 1725 luce
648 1674 690 1725 est
709 1669 812 1726 clarius
829 1667 1009 1735 Sallustium,
1027 1670 1187 1724 narratione
1203 1669 1239 1724 de
1256 1669 1355 1744 Lepidi

265 1757 338 1811 bello
352 1753 390 1810 ad
401 1771 466 1811 eum
481 1756 573 1810 locum
589 1754 720 1823 adducta,
737 1755 783 1810 ubi
798 1755 844 1809 iile
859 1756 938 1810 ltalia
951 1753 1092 1810 excedere
1104 1758 1266 1828 cogebatur,
1284 1757 1355 1812 alias

265 1855 326 1908 res,
350 1839 451 1896 eodem
469 1839 603 1911 temporis
622 1841 712 1912 spatio
735 1844 846 1912 gestas,
868 1845 1048 1911 persecutum
1064 1857 1146 1908 esse,
1171 1838 1208 1895 ad
1223 1857 1294 1914 quas
1310 1841 1355 1896 his

266 1927 360 1981 verbis
376 1927 523 1981 transitum
540 1927 577 1980 ita
591 1927 717 1998 paravit,
738 1931 767 1979 ut
782 1926 969 1980 narrationem
987 1941 1043 1980 non
1063 1925 1097 1981 de
1112 1923 1235 1997 Lepido,
1253 1925 1306 1982 sed
1321 1926 1355 1982 de

263 2013 345 2083 96661
360 2018 385 2065 61
399 2010 542 2084 multiplici
548 2016 666 2082 patmm
680 2027 750 2066 cura
766 2009 950 2082 ingrediatur.
978 2013 1058 2067 Patet
1072 2012 1156 2083 igitur
1176 2011 1251 2065 nullo
1268 2011 1354 2068 modo

265 2113 299 2151 ea
314 2097 393 2152 initio
411 2096 527 2150 secundi
542 2095 603 2150 libri
621 2095 677 2168 legi
694 2097 837 2166 potuisse,
852 2096 899 2150 ubi
916 2101 1013 2151 auctor
1030 2095 1067 2152 ad
1082 2095 1286 2152 absolvendam
1301 2095 1354 2152 Le-

258 2181 361 2253 padani
370 2181 433 2236 belli
442 2181 640 2250 narrationem,
652 2181 742 2250 primo
755 2179 825 2236 libro
838 2180 1029 2251 interruptam,
1043 2197 1191 2251 regressus
1202 2186 1254 2235 est.
1272 2180 1355 2250 Quod

266 2266 302 2320 ad
318 2268 470 2320 verborum
487 2269 654 2320 structuram
670 2263 774 2332 attinet,
792 2263 911 2320 Servius
927 2266 943 2318 l.
957 2265 975 2318 l.
987 2263 1024 2318 ad
1035 2265 1148 2336 Virgilii
1160 2281 1275 2320 versum
1291 2265 1354 2322 Non

264 2353 365 2424 ignaro
385 2351 453 2404 matt
465 2352 580 2406 miseris
597 2363 766 2406 succurrere
783 2349 858 2406 disco
873 2355 1027 2404 annotansr
1050 2350 1168 2418 „Quare
1189 2365 1245 2405 non
1261 2350 1356 2406 daeo?

265 2437 399 2508 quianon
413 2453 475 2490 sum
486 2437 597 2508 ignara.
622 2435 671 2490 Bis
685 2435 759 2490 enirn
772 2435 953 2507 intelligimus
965 2450 1020 2491 aon
1027 2457 1036 2498 ‚·
1050 2436 1091 2492 sic
1105 2431 1255 2492 Sallustius
1268 2434 1354 2503 etc.,“

265 2529 328 2577 ante
346 2522 456 2593 segnior
476 2521 587 2578 videtur
602 2537 658 2576 non
676 2519 914 2576 subintellexisse.
948 2519 1030 2589 Quod
1045 2536 1214 2592 quamquam
1231 2537 1356 2577 commo-

264 2606 332 2662 dum
348 2621 463 2663 sensum
480 2606 575 2674 eflicit,
594 2612 687 2662 tamen
703 2606 738 2660 de
753 2610 851 2660 neutro
867 2609 929 2660 loco
947 2605 1040 2662 Servii
1057 2607 1195 2662 sententia
1209 2621 1278 2660 vera
1293 2611 1354 2673 est;

264 2707 328 2746 nam
350 2691 427 2763 apud
441 2692 591 2764 Virgilium
606 2691 683 2748 deco
701 2696 777 2746 recte
798 2692 969 2746 intellectum
987 2692 1165 2764 negationem
1180 2691 1256 2746 nullo
1272 2695 1354 2762 pacto

265 2777 397 2846 admittit,
420 2776 496 2847 apud
511 2775 675 2833 Sallustium
697 2781 788 2831 autem
811 2793 914 2832 sensus
932 2777 1034 2848 optime
1050 2775 1204 2844 constabit,
1226 2775 1355 2847 sineque
1373 2791 1376 2798 ·

263 2862 302 2916 ita
317 2861 442 2931 ceperis,
462 2867 505 2931 ut,
528 2861 635 2931 quidem
649 2859 788 2932 particula
805 2859 842 2914 ad
861 2861 1080 2933 praecedentem
1095 2875 1196 2916 vocem
1214 2860 1354 2932 suppleta,

263 2947 482 3016 neque‘tamca
500 2946 609 3013 valeat,
633 2943 668 2998 de
684 2959 739 3014 quo
754 2959 809 3000 usu
827 2959 855 2998 v.
873 2951 1004 3000 annotata
1018 2945 1055 3001 ad
1070 2945 1131 3016 lug.
1151 2961 1176 2999 c.
1191 2943 1259 3014 XX,
1282 2949 1308 3004 6.
1325 2961 1353 3014 p.

263 3033 324 3089 130.
358 3029 503 3086 Sententia
518 3027 662 3100 escigitur
675 3027 766 3084 haec:
786 3028 901 3098 segnior
917 3029 1047 3100 quidem,
1058 3029 1076 3082 1.
1101 3045 1127 3083 6.
1143 3029 1239 3099 paullo
1257 3028 1356 3087 remis·

266 3117 324 3171 sior
345 3115 460 3186 quidem
480 3119 507 3168 61
528 3115 621 3169 minus
643 3115 751 3169 instans
773 3117 856 3182 atqua
886 3129 1006 3184 urgens,
1033 3127 1120 3184 neque
1149 3117 1240 3168 166666
1262 3113 1354 3168 minus

264 3201 378 3272 gravis,
400 3199 452 3255 sed
467 3199 613 3270 multiplex
633 3215 701 3255 cura
717 3202 812 3270 patres
830 3200 989 3253 exercebat.
1024 3196 1207 3268 Multiplicem
1223 3211 1286 3251 eam
1307 3214 1354 3252 cu-

264 3301 324 3340 ram
339 3286 395 3339 iarn
411 3283 559 3356 Philippus
573 3284 665 3356 tetigit
679 3287 707 3339 in
723 3283 850 3338 oratione
866 3288 963 3339 contra
980 3280 1127 3356 Lepidum,
1141 3281 1289 3352 Fragml,
1309 3285 1353 3348 51,

263 3373 310 3436 8.;
328 3387 392 3424 nam
407 3375 521 3440 praeter
532 3369 726 3424 Mithridatem
737 3372 763 3422 et
777 3369 883 3439 piratas
895 3366 960 3424 Sert
949 3370 1037 3424 torius
1052 3364 1175 3422 maxim'e
1187 3371 1291 3420 metum
1310 3382 1354 3421 se·

265 3455 342 3508 natur
357 3455 508 3510 maerebat
536 3455 571 3508 61.
595 3454 718 3524 Appian.
732 3451 763 3506 B
780 3452 809 3508 C.
828 3455 855 3521 l,
877 3457 943 3522 loe,
968 3458 1036 3508 extr.
1053 3467 1084 3522 p
1101 3457 1161 3510 155.
1188 3450 1353 3547 Schweigh.

265 3523 415 3591 zottao'
420 3525 640 3635 duodecimos
660 3531 711 3592 κοιλ
731 3534 865 3594 Λεπίδου
885 3523 956 3610 μετὰ
976 3525 1110 3609 Σύλλαν,
1131 3523 1259 3633 prppria
1280 3529 1355 3612 ἔχων

265 3624 321 3690 (66.
329 3610 504 3720 Σερτώριος)
519 3611 609 3678 iiiios
620 3609 770 3694 Ἰταλῶν,
762 3611 832 3718 dpov
847 3611 926 3700 66166
914 3607 1139 3720 Πε6πέοοας”
1127 3637 1206 3677 orco
1193 3616 1352 3676 Λεπίδου

265 3694 564 3801 στρατηγοςηγαγεν,
580 3677 1080 3806 ἒπδοξοςηνστροτεοσειν
1095 3691 1352 3800 1161666166-

266 3788 369 3865 λίοιν,
387 3775 683 3866 6166861666οὴ
700 3779 817 3886 βουλὴ
832 3781 957 3868 στρατόν
971 3807 1001 3848 τε
1016 3781 1106 3847 ἄλλον
1122 3782 1172 3846 καὶ
1188 3777 1352 3866 στρατηγὸν

265 3869 482 3956 11666οέ6166)
469 3868 629 3955 προτέρῳ
653 3863 813 3950 Πομπήϊον
828 3869 988 3950 ἔπεμψενέ
988 3893 1003 3944 ς
1018 3862 1159 3952 Ιβηρλαν

325 3964 501 4033 Fragmentis
518 3961 554 4016 de
565 3959 665 4032 Lepidi
680 3961 798 4028 tumultu
809 3962 941 4018 continuo
958 3959 1118 4017 adiicienda
1131 3976 1195 4016 esse
1213 3975 1263 4029 ea,
1279 3976 1352 4032 quae

265 4047 301 4103 ad
320 4047 474 4104 Sertorium
491 4050 619 4119 spectant
636 4045 795 4118 bellumque
810 4047 1008 4120 Hispaniense,
1025 4063 1072 4100 cer
1073 4045 1212 4102 tissimum
1227 4043 1349 4112 videtur,

236 4131 246 4138 '
264 4133 331 4203 quia
343 4131 397 4186 hoc
409 4132 511 4187 bellum
528 4137 653 4188 extrema
663 4145 730 4202 pars
747 4132 797 4187 luit
811 4133 876 4189 belli
892 4131 1000 4188 Sullani
1016 4131 1119 4186 civilis.
1154 4129 1247 4198 Quare
1264 4145 1348 4200 quum

263 4218 412 4288 Appianas
426 4232 536 4290 quoque
549 4219 568 4273 l.
580 4219 599 4272 l.
611 4215 878 4288 aLepidotranseat
888 4216 926 4271 ad
942 4215 1106 4286 Sertorium,
1120 4214 1251 4273 Sallustio
1269 4229 1352 4288 prae·

207 4377 211 4382 ,
264 4307 347 4360 66616
363 4317 428 4360 cum
443 4300 498 4358 1166
513 4303 617 4362 1661666
629 4299 710 4360 haud
725 4301 849 4360 absurde
866 4301 1013 4360 coniicias.
