<?xml version="1.0" encoding="UTF-8"?>
<!DOCTYPE html PUBLIC "-//W3C//DTD XHTML 1.0 Transitional//EN"
    "http://www.w3.org/TR/xhtml1/DTD/xhtml1-transitional.dtd">
<html xmlns="http://www.w3.org/1999/xhtml" xml:lang="en" lang="en">
 <head>
  <title>
</title>
<meta http-equiv="Content-Type" content="text/html;charset=utf-8" />
  <meta name='ocr-system' content='tesseract 3.04.00' />
  <meta name='ocr-capabilities' content='ocr_page ocr_carea ocr_par ocr_line ocrx_word'/>
</head>
<body>
  <div class='ocr_page' id='page_1' title='image "./csallusticrispi04sallgoog_0410.png"; bbox 0 0 3064 4966; ppageno 0'>
   <div class='ocr_carea' id='block_1_1' title="bbox 224 329 948 399">
    <p class='ocr_par' dir='ltr' id='par_1_1' title="bbox 224 329 948 399">
     <span class='ocr_line' id='line_1_1' title="bbox 224 329 948 399; baseline -0.001 -2"><span class='ocrx_word' id='word_1_1' title='bbox 224 329 288 398; x_wconf 73' lang='lat'>362</span> <span class='ocrx_word' id='word_1_2' title='bbox 587 338 615 394; x_wconf 86' lang='lat' dir='ltr'>C.</span> <span class='ocrx_word' id='word_1_3' title='bbox 637 336 810 398; x_wconf 84' lang='lat' dir='ltr'>SALLUSTI</span> <span class='ocrx_word' id='word_1_4' title='bbox 833 339 948 399; x_wconf 86' lang='lat' dir='ltr'>GRlSPl</span> 
     </span>
    </p>
   </div>
   <div class='ocr_carea' id='block_1_2' title="bbox 222 524 1306 1126">
    <p class='ocr_par' dir='ltr' id='par_1_2' title="bbox 326 524 905 625">
     <span class='ocr_line' id='line_1_2' title="bbox 326 524 905 625; baseline 0 -27"><span class='ocrx_word' id='word_1_5' title='bbox 326 533 356 598; x_wconf 87' lang='lat'>9.</span> <span class='ocrx_word' id='word_1_6' title='bbox 393 524 462 625; x_wconf 32' lang='lat' dir='ltr'>,Qui</span> <span class='ocrx_word' id='word_1_7' title='bbox 485 525 582 596; x_wconf 81' lang='lat' dir='ltr'>uxori</span> <span class='ocrx_word' id='word_1_8' title='bbox 607 525 680 596; x_wconf 86' lang='lat' dir='ltr'>cius</span> <span class='ocrx_word' id='word_1_9' title='bbox 702 528 804 598; x_wconf 81' lang='lat' dir='ltr'>frater</span> <span class='ocrx_word' id='word_1_10' title='bbox 826 531 905 598; x_wconf 86' lang='lat' dir='ltr'>erat.</span> 
     </span>
    </p>

    <p class='ocr_par' dir='ltr' id='par_1_3' title="bbox 222 642 1306 1126">
     <span class='ocr_line' id='line_1_3' title="bbox 329 642 1306 748; baseline -0.001 -26"><span class='ocrx_word' id='word_1_11' title='bbox 329 659 378 723; x_wconf 89' lang='grc'><strong><em>10.</em></strong></span> <span class='ocrx_word' id='word_1_12' title='bbox 420 642 665 745; x_wconf 76' lang='grc' dir='ltr'><strong><em>[Σαλούστιος</em></strong></span> <span class='ocrx_word' id='word_1_13' title='bbox 676 649 739 740; x_wconf 70' lang='grc' dir='ltr'><strong><em>μὲν</em></strong></span> <span class='ocrx_word' id='word_1_14' title='bbox 757 676 826 724; x_wconf 91' lang='grc' dir='ltr'>ονν</span> <span class='ocrx_word' id='word_1_15' title='bbox 846 649 957 748; x_wconf 88' lang='grc' dir='ltr'><strong><em>φησι]</em></strong></span> <span class='ocrx_word' id='word_1_16' title='bbox 969 653 1127 746; x_wconf 77' lang='grc' dir='ltr'><strong><em>χαλεπῶς</em></strong></span> <span class='ocrx_word' id='word_1_17' title='bbox 1146 653 1306 744; x_wconf 72' lang='grc' dir='ltr'><strong><em>διατελῆ-</em></strong></span> 
     </span>
     <span class='ocr_line' id='line_1_4' title="bbox 222 751 1306 876; baseline 0.001 -31"><span class='ocrx_word' id='word_1_18' title='bbox 222 803 280 846; x_wconf 92' lang='grc' dir='ltr'>ναι</span> <span class='ocrx_word' id='word_1_19' title='bbox 305 770 393 864; x_wconf 83' lang='grc' dir='ltr'><strong><em>τούς</em></strong></span> <span class='ocrx_word' id='word_1_20' title='bbox 421 769 631 872; x_wconf 72' lang='grc' dir='ltr'><strong><em>στρατιώτας</em></strong></span> <span class='ocrx_word' id='word_1_21' title='bbox 658 751 748 876; x_wconf 78' lang='grc' dir='ltr'><strong><em>πρὸς</em></strong></span> <span class='ocrx_word' id='word_1_22' title='bbox 779 768 892 851; x_wconf 84' lang='grc' dir='ltr'><strong><em>αύτδν</em></strong></span> <span class='ocrx_word' id='word_1_23' title='bbox 919 771 1034 864; x_wconf 74' lang='grc' dir='ltr'><strong><em>εὐθύς</em></strong></span> <span class='ocrx_word' id='word_1_24' title='bbox 1060 779 1096 848; x_wconf 77' lang='grc' dir='ltr'>ἐν</span> <span class='ocrx_word' id='word_1_25' title='bbox 1123 768 1211 871; x_wconf 78' lang='grc' dir='ltr'><strong><em>δργῇ</em></strong></span> <span class='ocrx_word' id='word_1_26' title='bbox 1239 779 1306 846; x_wconf 84' lang='grc' dir='ltr'><strong><em>τοῦ</em></strong></span> 
     </span>
     <span class='ocr_line' id='line_1_5' title="bbox 222 881 1305 1000; baseline -0.003 -26"><span class='ocrx_word' id='word_1_27' title='bbox 222 905 379 994; x_wconf 76' lang='grc' dir='ltr'><strong><em>πολέμου</em></strong></span> <span class='ocrx_word' id='word_1_28' title='bbox 407 896 498 997; x_wconf 77' lang='grc' dir='ltr'><strong><em>πρὸς</em></strong></span> <span class='ocrx_word' id='word_1_29' title='bbox 518 881 656 1000; x_wconf 73' lang='grc' dir='ltr'><strong><em>Κυζίκῳ</em></strong></span> <span class='ocrx_word' id='word_1_30' title='bbox 681 905 740 976; x_wconf 82' lang='grc' dir='ltr'>καλ</span> <span class='ocrx_word' id='word_1_31' title='bbox 766 898 870 976; x_wconf 85' lang='grc' dir='ltr'><strong><em>πόλιν</em></strong></span> <span class='ocrx_word' id='word_1_32' title='bbox 895 896 987 998; x_wconf 83' lang='grc' dir='ltr'><strong><em>πρὸς</em></strong></span> <span class='ocrx_word' id='word_1_33' title='bbox 1001 896 1124 999; x_wconf 72' lang='grc' dir='ltr'><strong><em>Ἀμισηῖ</em></strong></span> <span class='ocrx_word' id='word_1_34' title='bbox 1151 894 1220 974; x_wconf 89' lang='grc' dir='ltr'>δύο</span> <span class='ocrx_word' id='word_1_35' title='bbox 1241 927 1305 996; x_wconf 78' lang='grc' dir='ltr'><strong><em>χει-</em></strong></span> 
     </span>
     <span class='ocr_line' id='line_1_6' title="bbox 223 1023 1176 1126; baseline 0.002 -26"><span class='ocrx_word' id='word_1_36' title='bbox 223 1033 343 1118; x_wconf 82' lang='grc' dir='ltr'><strong><em>μιδνας</em></strong></span> <span class='ocrx_word' id='word_1_37' title='bbox 369 1027 449 1126; x_wconf 75' lang='grc' dir='ltr'>ἑξῆς</span> <span class='ocrx_word' id='word_1_38' title='bbox 477 1031 513 1101; x_wconf 80' lang='grc' dir='ltr'>ἐν</span> <span class='ocrx_word' id='word_1_39' title='bbox 540 1024 663 1126; x_wconf 79' lang='grc' dir='ltr'><strong><em>χάρακι</em></strong></span> <span class='ocrx_word' id='word_1_40' title='bbox 689 1035 860 1126; x_wconf 77' lang='grc' dir='ltr'><strong><em>διαγαγεῖν</em></strong></span> <span class='ocrx_word' id='word_1_41' title='bbox 887 1023 1176 1124; x_wconf 73' lang='grc' dir='ltr'><strong><em>ἀναγκασθέντας.</em></strong></span> 
     </span>
    </p>
   </div>
   <div class='ocr_carea' id='block_1_3' title="bbox 220 1254 1307 2484">
    <p class='ocr_par' dir='ltr' id='par_1_4' title="bbox 224 1254 1304 1417">
     <span class='ocr_line' id='line_1_7' title="bbox 225 1254 1304 1348; baseline -0.002 -21"><span class='ocrx_word' id='word_1_42' title='bbox 225 1259 435 1331; x_wconf 84' lang='grc' dir='ltr'><strong><em>κούλλοντδ</em></strong></span> <span class='ocrx_word' id='word_1_43' title='bbox 460 1261 589 1343; x_wconf 78' lang='grc' dir='ltr'><strong><em>πολλόν,</em></strong></span> <span class='ocrx_word' id='word_1_44' title='bbox 614 1259 731 1330; x_wconf 78' lang='grc' dir='ltr'><strong><em>διὰτὸ</em></strong></span> <span class='ocrx_word' id='word_1_45' title='bbox 750 1261 958 1348; x_wconf 72' lang='grc' dir='ltr'><strong><em>πολλαχόσε</em></strong></span> <span class='ocrx_word' id='word_1_46' title='bbox 980 1265 1161 1347; x_wconf 77' lang='grc' dir='ltr'>ἐκδημεῖν</span> <span class='ocrx_word' id='word_1_47' title='bbox 1179 1254 1304 1342; x_wconf 74' lang='grc' dir='ltr'><strong><em>αὐτὸν,</em></strong></span> 
     </span>
     <span class='ocr_line' id='line_1_8' title="bbox 224 1352 461 1417; baseline 0.017 -4"><span class='ocrx_word' id='word_1_48' title='bbox 224 1352 461 1417; x_wconf 77' lang='grc' dir='ltr'><strong><em>διαιτᾶσθαι.</em></strong></span> 
     </span>
    </p>

    <p class='ocr_par' dir='ltr' id='par_1_5' title="bbox 220 1441 1307 2464">
     <span class='ocr_line' id='line_1_9' title="bbox 307 1441 1305 1517; baseline -0.008 -15"><span class='ocrx_word' id='word_1_49' title='bbox 307 1446 352 1503; x_wconf 90' lang='lat' dir='ltr'>Fr.</span> <span class='ocrx_word' id='word_1_50' title='bbox 368 1449 395 1506; x_wconf 86' lang='lat'><strong>9.</strong></span> <span class='ocrx_word' id='word_1_51' title='bbox 425 1445 512 1516; x_wconf 84' lang='lat' dir='ltr'>[Coit.</span> <span class='ocrx_word' id='word_1_52' title='bbox 527 1462 557 1517; x_wconf 90' lang='lat' dir='ltr'>p.</span> <span class='ocrx_word' id='word_1_53' title='bbox 576 1447 637 1505; x_wconf 77' lang='lat'><strong>997.</strong></span> <span class='ocrx_word' id='word_1_54' title='bbox 670 1443 744 1501; x_wconf 85' lang='lat' dir='ltr'>Gerl.</span> <span class='ocrx_word' id='word_1_55' title='bbox 760 1445 807 1500; x_wconf 92' lang='lat' dir='ltr'>ed.</span> <span class='ocrx_word' id='word_1_56' title='bbox 822 1444 888 1500; x_wconf 88' lang='lat' dir='ltr'>mai.</span> <span class='ocrx_word' id='word_1_57' title='bbox 903 1445 939 1512; x_wconf 89' lang='lat' dir='ltr'>V,</span> <span class='ocrx_word' id='word_1_58' title='bbox 954 1449 981 1501; x_wconf 81' lang='lat'>5.</span> <span class='ocrx_word' id='word_1_59' title='bbox 1000 1443 1047 1499; x_wconf 89' lang='lat' dir='ltr'>ed.</span> <span class='ocrx_word' id='word_1_60' title='bbox 1070 1443 1136 1498; x_wconf 90' lang='lat' dir='ltr'>min.</span> <span class='ocrx_word' id='word_1_61' title='bbox 1151 1441 1200 1510; x_wconf 92' lang='lat' dir='ltr'>IV,</span> <span class='ocrx_word' id='word_1_62' title='bbox 1215 1445 1259 1502; x_wconf 73' lang='lat'><strong>49.</strong></span> <span class='ocrx_word' id='word_1_63' title='bbox 1275 1457 1305 1512; x_wconf 94' lang='lat' dir='ltr'>p.</span> 
     </span>
     <span class='ocr_line' id='line_1_10' title="bbox 222 1527 1304 1603; baseline -0.009 -13"><span class='ocrx_word' id='word_1_64' title='bbox 222 1536 284 1600; x_wconf 67' lang='lat'>278,</span> <span class='ocrx_word' id='word_1_65' title='bbox 299 1535 343 1590; x_wconf 76' lang='lat'>24.</span> <span class='ocrx_word' id='word_1_66' title='bbox 359 1529 443 1588; x_wconf 90' lang='lat' dir='ltr'>Debr.</span> <span class='ocrx_word' id='word_1_67' title='bbox 458 1533 493 1600; x_wconf 93' lang='lat' dir='ltr'>V,</span> <span class='ocrx_word' id='word_1_68' title='bbox 506 1532 564 1599; x_wconf 73' lang='grc' dir='ltr'><strong><em>λλ]</em></strong></span> <span class='ocrx_word' id='word_1_69' title='bbox 607 1532 708 1599; x_wconf 88' lang='lat' dir='ltr'>Locus,</span> <span class='ocrx_word' id='word_1_70' title='bbox 724 1532 770 1603; x_wconf 88' lang='lat' dir='ltr'>qui</span> <span class='ocrx_word' id='word_1_71' title='bbox 791 1535 834 1586; x_wconf 89' lang='lat' dir='ltr'>est</span> <span class='ocrx_word' id='word_1_72' title='bbox 850 1530 927 1602; x_wconf 91' lang='lat' dir='ltr'>apud</span> <span class='ocrx_word' id='word_1_73' title='bbox 940 1528 1025 1586; x_wconf 83' lang='lat' dir='ltr'>Arus.</span> <span class='ocrx_word' id='word_1_74' title='bbox 1041 1547 1069 1586; x_wconf 86' lang='lat' dir='ltr'>u.</span> <span class='ocrx_word' id='word_1_75' title='bbox 1081 1527 1184 1601; x_wconf 78' lang='lat' dir='ltr'>freter,</span> <span class='ocrx_word' id='word_1_76' title='bbox 1198 1544 1226 1598; x_wconf 85' lang='lat' dir='ltr'>p.</span> <span class='ocrx_word' id='word_1_77' title='bbox 1241 1531 1304 1586; x_wconf 71' lang='lat'>231.</span> 
     </span>
     <span class='ocr_line' id='line_1_11' title="bbox 223 1612 1306 1688; baseline -0.006 -16"><span class='ocrx_word' id='word_1_78' title='bbox 223 1617 359 1687; x_wconf 84' lang='lat' dir='ltr'>Lindem,</span> <span class='ocrx_word' id='word_1_79' title='bbox 382 1635 417 1672; x_wconf 89' lang='lat' dir='ltr'>cx</span> <span class='ocrx_word' id='word_1_80' title='bbox 439 1618 509 1674; x_wconf 90' lang='lat' dir='ltr'>libro</span> <span class='ocrx_word' id='word_1_81' title='bbox 533 1624 630 1688; x_wconf 78' lang='lat' dir='ltr'>quarto</span> <span class='ocrx_word' id='word_1_82' title='bbox 651 1616 780 1672; x_wconf 84' lang='lat' dir='ltr'>laudatur</span> <span class='ocrx_word' id='word_1_83' title='bbox 803 1617 832 1672; x_wconf 90' lang='lat' dir='ltr'>in</span> <span class='ocrx_word' id='word_1_84' title='bbox 856 1615 921 1671; x_wconf 92' lang='lat' dir='ltr'>cod.</span> <span class='ocrx_word' id='word_1_85' title='bbox 947 1614 1037 1684; x_wconf 87' lang='lat' dir='ltr'>Gud.;</span> <span class='ocrx_word' id='word_1_86' title='bbox 1060 1617 1182 1688; x_wconf 75' lang='grc' dir='ltr'><strong><em>ηυανλυυι</em></strong></span> <span class='ocrx_word' id='word_1_87' title='bbox 1201 1612 1306 1668; x_wconf 86' lang='lat' dir='ltr'>habent</span> 
     </span>
     <span class='ocr_line' id='line_1_12' title="bbox 223 1699 1306 1774; baseline -0.003 -17"><span class='ocrx_word' id='word_1_88' title='bbox 223 1704 354 1774; x_wconf 74' lang='lat' dir='ltr'>vulgatae</span> <span class='ocrx_word' id='word_1_89' title='bbox 373 1702 439 1758; x_wconf 87' lang='lat' dir='ltr'>edd.</span> <span class='ocrx_word' id='word_1_90' title='bbox 457 1708 484 1758; x_wconf 88' lang='lat' dir='ltr'>ct</span> <span class='ocrx_word' id='word_1_91' title='bbox 498 1701 562 1758; x_wconf 91' lang='lat' dir='ltr'>cod.</span> <span class='ocrx_word' id='word_1_92' title='bbox 578 1701 719 1771; x_wconf 79' lang='lat' dir='ltr'>Ambros,</span> <span class='ocrx_word' id='word_1_93' title='bbox 738 1701 814 1774; x_wconf 90' lang='lat' dir='ltr'>quod</span> <span class='ocrx_word' id='word_1_94' title='bbox 830 1714 930 1759; x_wconf 90' lang='lat' dir='ltr'>verum</span> <span class='ocrx_word' id='word_1_95' title='bbox 945 1717 1105 1757; x_wconf 83' lang='lat' dir='ltr'><strong>censemus.</strong></span> <span class='ocrx_word' id='word_1_96' title='bbox 1141 1699 1306 1771; x_wconf 79' lang='lat' dir='ltr'>Intelligitur</span> 
     </span>
     <span class='ocr_line' id='line_1_13' title="bbox 223 1783 1306 1860; baseline -0.002 -18"><span class='ocrx_word' id='word_1_97' title='bbox 223 1788 297 1842; x_wconf 87' lang='lat' dir='ltr'>enim</span> <span class='ocrx_word' id='word_1_98' title='bbox 309 1789 339 1846; x_wconf 92' lang='lat' dir='ltr'>P.</span> <span class='ocrx_word' id='word_1_99' title='bbox 358 1787 489 1857; x_wconf 79' lang='lat' dir='ltr'>Clodius,</span> <span class='ocrx_word' id='word_1_100' title='bbox 513 1788 595 1842; x_wconf 84' lang='lat' dir='ltr'>trater</span> <span class='ocrx_word' id='word_1_101' title='bbox 611 1785 743 1857; x_wconf 84' lang='lat' dir='ltr'>Clodiae,</span> <span class='ocrx_word' id='word_1_102' title='bbox 764 1803 848 1860; x_wconf 83' lang='lat' dir='ltr'>quarn</span> <span class='ocrx_word' id='word_1_103' title='bbox 863 1787 995 1844; x_wconf 81' lang='lat' dir='ltr'>Lucullus</span> <span class='ocrx_word' id='word_1_104' title='bbox 1018 1787 1046 1842; x_wconf 90' lang='lat' dir='ltr'>in</span> <span class='ocrx_word' id='word_1_105' title='bbox 1065 1784 1240 1841; x_wconf 89' lang='lat' dir='ltr'>matrimonio</span> <span class='ocrx_word' id='word_1_106' title='bbox 1256 1783 1306 1840; x_wconf 91' lang='lat' dir='ltr'>ha·</span> 
     </span>
     <span class='ocr_line' id='line_1_14' title="bbox 222 1869 1305 1946; baseline -0.002 -18"><span class='ocrx_word' id='word_1_107' title='bbox 222 1873 297 1940; x_wconf 90' lang='lat' dir='ltr'>buit;</span> <span class='ocrx_word' id='word_1_108' title='bbox 312 1874 347 1929; x_wconf 90' lang='lat' dir='ltr'>cl.</span> <span class='ocrx_word' id='word_1_109' title='bbox 360 1872 500 1929; x_wconf 76' lang='lat' dir='ltr'>Plutarch.</span> <span class='ocrx_word' id='word_1_110' title='bbox 517 1873 546 1927; x_wconf 92' lang='lat' dir='ltr'>in</span> <span class='ocrx_word' id='word_1_111' title='bbox 560 1873 626 1928; x_wconf 90' lang='lat' dir='ltr'>huc.</span> <span class='ocrx_word' id='word_1_112' title='bbox 643 1889 669 1928; x_wconf 92' lang='lat' dir='ltr'>c.</span> <span class='ocrx_word' id='word_1_113' title='bbox 684 1870 728 1941; x_wconf 73' lang='lat' dir='ltr'>bl,</span> <span class='ocrx_word' id='word_1_114' title='bbox 744 1874 783 1929; x_wconf 93' lang='lat' dir='ltr'>in.</span> <span class='ocrx_word' id='word_1_115' title='bbox 827 1873 889 1942; x_wconf 83' lang='lat' dir='ltr'>Qui,</span> <span class='ocrx_word' id='word_1_116' title='bbox 909 1889 992 1946; x_wconf 90' lang='lat' dir='ltr'>quum</span> <span class='ocrx_word' id='word_1_117' title='bbox 1008 1887 1112 1945; x_wconf 84' lang='lat' dir='ltr'>magno</span> <span class='ocrx_word' id='word_1_118' title='bbox 1128 1872 1156 1927; x_wconf 92' lang='lat' dir='ltr'>in</span> <span class='ocrx_word' id='word_1_119' title='bbox 1171 1869 1237 1926; x_wconf 86' lang='lat' dir='ltr'>odio</span> <span class='ocrx_word' id='word_1_120' title='bbox 1252 1870 1305 1926; x_wconf 70' lang='lat' dir='ltr'>L‘u-</span> 
     </span>
     <span class='ocr_line' id='line_1_15' title="bbox 223 1955 1305 2030; baseline 0 -18"><span class='ocrx_word' id='word_1_121' title='bbox 223 1959 326 2013; x_wconf 89' lang='lat' dir='ltr'>cullum</span> <span class='ocrx_word' id='word_1_122' title='bbox 339 1957 456 2030; x_wconf 88' lang='lat' dir='ltr'>habens,</span> <span class='ocrx_word' id='word_1_123' title='bbox 470 1958 648 2028; x_wconf 86' lang='lat' dir='ltr'>Valerianos,</span> <span class='ocrx_word' id='word_1_124' title='bbox 659 1959 714 2014; x_wconf 88' lang='lat' dir='ltr'>iarn</span> <span class='ocrx_word' id='word_1_125' title='bbox 729 1976 780 2030; x_wconf 92' lang='lat' dir='ltr'>per</span> <span class='ocrx_word' id='word_1_126' title='bbox 795 1977 826 2016; x_wconf 85' lang='lat' dir='ltr'>se</span> <span class='ocrx_word' id='word_1_127' title='bbox 838 1961 873 2015; x_wconf 92' lang='lat' dir='ltr'>ab</span> <span class='ocrx_word' id='word_1_128' title='bbox 890 1959 936 2013; x_wconf 93' lang='lat' dir='ltr'>illo</span> <span class='ocrx_word' id='word_1_129' title='bbox 952 1959 1099 2027; x_wconf 84' lang='lat' dir='ltr'>alienatos,</span> <span class='ocrx_word' id='word_1_130' title='bbox 1114 1956 1206 2028; x_wconf 76' lang='lat' dir='ltr'>magis</span> <span class='ocrx_word' id='word_1_131' title='bbox 1221 1955 1305 2012; x_wconf 85' lang='lat' dir='ltr'>etiam</span> 
     </span>
     <span class='ocr_line' id='line_1_16' title="bbox 221 2043 1305 2119; baseline -0.002 -21"><span class='ocrx_word' id='word_1_132' title='bbox 221 2043 324 2115; x_wconf 86' lang='lat' dir='ltr'>iniquis</span> <span class='ocrx_word' id='word_1_133' title='bbox 337 2045 513 2100; x_wconf 85' lang='lat' dir='ltr'>sermonibus</span> <span class='ocrx_word' id='word_1_134' title='bbox 530 2045 690 2113; x_wconf 74' lang='lat' dir='ltr'>concitaret,</span> <span class='ocrx_word' id='word_1_135' title='bbox 703 2061 737 2098; x_wconf 90' lang='lat' dir='ltr'>ne</span> <span class='ocrx_word' id='word_1_136' title='bbox 748 2045 792 2101; x_wconf 91' lang='lat' dir='ltr'>illi</span> <span class='ocrx_word' id='word_1_137' title='bbox 807 2050 938 2119; x_wconf 87' lang='lat' dir='ltr'>parerent</span> <span class='ocrx_word' id='word_1_138' title='bbox 955 2045 1095 2115; x_wconf 89' lang='lat' dir='ltr'>aliumque</span> <span class='ocrx_word' id='word_1_139' title='bbox 1107 2043 1305 2114; x_wconf 87' lang='lat' dir='ltr'>imperatorem</span> 
     </span>
     <span class='ocr_line' id='line_1_17' title="bbox 221 2131 1303 2202; baseline -0.004 -18"><span class='ocrx_word' id='word_1_140' title='bbox 221 2135 388 2202; x_wconf 87' lang='lat' dir='ltr'>poscerent,</span> <span class='ocrx_word' id='word_1_141' title='bbox 411 2131 472 2186; x_wconf 82' lang='lat' dir='ltr'>fieri</span> <span class='ocrx_word' id='word_1_142' title='bbox 491 2147 546 2186; x_wconf 93' lang='lat' dir='ltr'>non</span> <span class='ocrx_word' id='word_1_143' title='bbox 563 2131 669 2202; x_wconf 90' lang='lat' dir='ltr'>potuit,</span> <span class='ocrx_word' id='word_1_144' title='bbox 692 2131 758 2201; x_wconf 89' lang='lat' dir='ltr'>quin</span> <span class='ocrx_word' id='word_1_145' title='bbox 775 2133 803 2186; x_wconf 92' lang='lat' dir='ltr'>in</span> <span class='ocrx_word' id='word_1_146' title='bbox 823 2131 877 2186; x_wconf 91' lang='lat' dir='ltr'>hoc</span> <span class='ocrx_word' id='word_1_147' title='bbox 897 2132 968 2186; x_wconf 91' lang='lat' dir='ltr'>libro</span> <span class='ocrx_word' id='word_1_148' title='bbox 985 2135 1258 2186; x_wconf 78' lang='lat' dir='ltr'>commemoraretur.</span> <span class='ocrx_word' id='word_1_149' title='bbox 1276 2143 1303 2180; x_wconf 90' lang='grc' dir='ltr'>ν.</span> 
     </span>
     <span class='ocr_line' id='line_1_18' title="bbox 221 2195 1307 2313; baseline -0.002 -43"><span class='ocrx_word' id='word_1_150' title='bbox 221 2217 361 2272; x_wconf 89' lang='lat' dir='ltr'>Plutarch.</span> <span class='ocrx_word' id='word_1_151' title='bbox 377 2218 441 2273; x_wconf 90' lang='lat' dir='ltr'>Luc.</span> <span class='ocrx_word' id='word_1_152' title='bbox 454 2235 478 2272; x_wconf 93' lang='lat' dir='ltr'>c.</span> <span class='ocrx_word' id='word_1_153' title='bbox 491 2217 549 2284; x_wconf 72' lang='lat'>64,</span> <span class='ocrx_word' id='word_1_154' title='bbox 542 2233 581 2271; x_wconf 90' lang='lat' dir='ltr'>m.</span> <span class='ocrx_word' id='word_1_155' title='bbox 603 2204 723 2284; x_wconf 88' lang='grc' dir='ltr'><strong><em>Τούτοις</em></strong></span> <span class='ocrx_word' id='word_1_156' title='bbox 738 2209 770 2273; x_wconf 81' lang='grc' dir='ltr'><strong><em>δὲ</em></strong></span> <span class='ocrx_word' id='word_1_157' title='bbox 784 2205 966 2313; x_wconf 77' lang='grc' dir='ltr'><strong><em>τηλικούτοις</em></strong></span> <span class='ocrx_word' id='word_1_158' title='bbox 980 2195 1047 2272; x_wconf 83' lang='grc' dir='ltr'><strong><em>οδσι</em></strong></span> <span class='ocrx_word' id='word_1_159' title='bbox 1052 2198 1303 2310; x_wconf 76' lang='grc' dir='ltr'><strong><em>προςγόγνεται</em></strong></span> <span class='ocrx_word' id='word_1_160' title='bbox 1273 2229 1307 2269; x_wconf 81' lang='grc' dir='ltr'><strong><em>το</em></strong></span> 
     </span>
     <span class='ocr_line' id='line_1_19' title="bbox 220 2287 1304 2406; baseline -0.001 -49"><span class='ocrx_word' id='word_1_161' title='bbox 220 2290 347 2400; x_wconf 79' lang='grc' dir='ltr'><strong><em>μάλιστα</em></strong></span> <span class='ocrx_word' id='word_1_162' title='bbox 358 2290 543 2404; x_wconf 82' lang='grc' dir='ltr'><strong><em>Λουκούλλῳ</em></strong></span> <span class='ocrx_word' id='word_1_163' title='bbox 564 2288 832 2406; x_wconf 71' lang='grc' dir='ltr'><strong><em>διειργασμένον</em></strong></span> <span class='ocrx_word' id='word_1_164' title='bbox 801 2320 853 2370; x_wconf 85' lang='grc' dir='ltr'>τας</span> <span class='ocrx_word' id='word_1_165' title='bbox 856 2290 991 2404; x_wconf 78' lang='grc' dir='ltr'><strong><em>πράξεις</em></strong></span> <span class='ocrx_word' id='word_1_166' title='bbox 1011 2288 1145 2368; x_wconf 84' lang='grc' dir='ltr'><strong><em>Πόπλιος</em></strong></span> <span class='ocrx_word' id='word_1_167' title='bbox 1162 2287 1304 2397; x_wconf 74' lang='grc' dir='ltr'><strong><em>Κλαύδιος,</em></strong></span> 
     </span>
     <span class='ocr_line' id='line_1_20' title="bbox 221 2363 1306 2484; baseline -0.003 -42"><span class='ocrx_word' id='word_1_168' title='bbox 221 2373 299 2461; x_wconf 75' lang='grc' dir='ltr'><strong><em>ἀνὴρ</em></strong></span> <span class='ocrx_word' id='word_1_169' title='bbox 308 2374 448 2483; x_wconf 80' lang='grc' dir='ltr'><strong><em>ύβριστης</em></strong></span> <span class='ocrx_word' id='word_1_170' title='bbox 459 2405 510 2443; x_wconf 88' lang='grc' dir='ltr'>και</span> <span class='ocrx_word' id='word_1_171' title='bbox 517 2363 620 2461; x_wconf 84' lang='grc' dir='ltr'><strong><em>μεστός</em></strong></span> <span class='ocrx_word' id='word_1_172' title='bbox 634 2376 818 2484; x_wconf 71' lang='grc' dir='ltr'><strong><em>όλιγοιρίας’</em></strong></span> <span class='ocrx_word' id='word_1_173' title='bbox 802 2375 920 2482; x_wconf 87' lang='grc' dir='ltr'><strong><em>απόσης</em></strong></span> <span class='ocrx_word' id='word_1_174' title='bbox 929 2404 980 2442; x_wconf 88' lang='grc' dir='ltr'>και</span> <span class='ocrx_word' id='word_1_175' title='bbox 970 2373 1184 2463; x_wconf 77' lang='grc' dir='ltr'><strong><em>θρασύτητος.</em></strong></span> <span class='ocrx_word' id='word_1_176' title='bbox 1202 2364 1260 2440; x_wconf 81' lang='grc' dir='ltr'>Ην</span> <span class='ocrx_word' id='word_1_177' title='bbox 1273 2375 1306 2440; x_wconf 82' lang='grc' dir='ltr'><strong><em>δὲ</em></strong></span> 
     </span>
    </p>
   </div>
   <div class='ocr_carea' id='block_1_4' title="bbox 220 2456 1406 2571">
    <p class='ocr_par' dir='ltr' id='par_1_6' title="bbox 220 2456 1406 2571">
     <span class='ocr_line' id='line_1_21' title="bbox 220 2456 1406 2571; baseline -0.004 -42"><span class='ocrx_word' id='word_1_178' title='bbox 220 2471 271 2546; x_wconf 80' lang='grc' dir='ltr'>τῆς</span> <span class='ocrx_word' id='word_1_179' title='bbox 288 2461 485 2530; x_wconf 88' lang='grc' dir='ltr'><strong><em>Λουκούλλον</em></strong></span> <span class='ocrx_word' id='word_1_180' title='bbox 487 2464 640 2570; x_wconf 83' lang='grc' dir='ltr'><strong><em>γυναικὸς</em></strong></span> <span class='ocrx_word' id='word_1_181' title='bbox 655 2456 792 2567; x_wconf 82' lang='grc' dir='ltr'><strong><em>όιδελφός.</em></strong></span> <span class='ocrx_word' id='word_1_182' title='bbox 807 2503 850 2514; x_wconf 83' lang='grc'>-·-</span> <span class='ocrx_word' id='word_1_183' title='bbox 860 2458 961 2571; x_wconf 79' lang='grc' dir='ltr'><strong><em>Ἠξίον</em></strong></span> <span class='ocrx_word' id='word_1_184' title='bbox 975 2464 1008 2528; x_wconf 79' lang='grc' dir='ltr'><strong><em>δὲ</em></strong></span> <span class='ocrx_word' id='word_1_185' title='bbox 1022 2468 1136 2569; x_wconf 77' lang='grc' dir='ltr'><strong><em>πρῶτος</em></strong></span> <span class='ocrx_word' id='word_1_186' title='bbox 1150 2457 1235 2542; x_wconf 76' lang='grc' dir='ltr'><strong><em>εἶναι,</em></strong></span> <span class='ocrx_word' id='word_1_187' title='bbox 1254 2462 1305 2526; x_wconf 80' lang='grc' dir='ltr'>καλ</span> <span class='ocrx_word' id='word_1_188' title='bbox 1405 2481 1406 2484; x_wconf 73' lang='grc'>’</span> 
     </span>
    </p>
   </div>
   <div class='ocr_carea' id='block_1_5' title="bbox 207 2541 1389 3741">
    <p class='ocr_par' dir='ltr' id='par_1_7' title="bbox 207 2541 1389 3741">
     <span class='ocr_line' id='line_1_22' title="bbox 220 2541 1305 2654; baseline -0.002 -40"><span class='ocrx_word' id='word_1_189' title='bbox 220 2555 338 2614; x_wconf 78' lang='grc' dir='ltr'><strong><em>πολλῶν</em></strong></span> <span class='ocrx_word' id='word_1_190' title='bbox 354 2544 580 2630; x_wconf 73' lang='grc' dir='ltr'><strong><em>ἀπολειπόμενος</em></strong></span> <span class='ocrx_word' id='word_1_191' title='bbox 595 2543 695 2614; x_wconf 80' lang='grc' dir='ltr'>διδ</span> <span class='ocrx_word' id='word_1_192' title='bbox 665 2574 717 2613; x_wconf 89' lang='grc' dir='ltr'>ιον</span> <span class='ocrx_word' id='word_1_193' title='bbox 731 2547 840 2635; x_wconf 88' lang='grc' dir='ltr'><strong><em>τρόπον</em></strong></span> <span class='ocrx_word' id='word_1_194' title='bbox 856 2544 1028 2654; x_wconf 76' lang='grc' dir='ltr'><strong><em>ὑποικούρει</em></strong></span> <span class='ocrx_word' id='word_1_195' title='bbox 1042 2544 1096 2632; x_wconf 83' lang='grc' dir='ltr'>τὴν</span> <span class='ocrx_word' id='word_1_196' title='bbox 1113 2541 1305 2651; x_wconf 77' lang='grc' dir='ltr'><strong><em>Φιμβριανὴν</em></strong></span> 
     </span>
     <span class='ocr_line' id='line_1_23' title="bbox 221 2626 1305 2744; baseline -0.001 -46"><span class='ocrx_word' id='word_1_197' title='bbox 221 2629 361 2739; x_wconf 78' lang='grc' dir='ltr'><strong><em>στρατιὰν</em></strong></span> <span class='ocrx_word' id='word_1_198' title='bbox 375 2659 426 2698; x_wconf 93' lang='grc' dir='ltr'>και</span> <span class='ocrx_word' id='word_1_199' title='bbox 416 2632 593 2744; x_wconf 80' lang='grc' dir='ltr'><strong><em>παρόξυνε</em></strong></span> <span class='ocrx_word' id='word_1_200' title='bbox 611 2631 687 2699; x_wconf 79' lang='grc' dir='ltr'><strong><em>κατὰ</em></strong></span> <span class='ocrx_word' id='word_1_201' title='bbox 702 2661 754 2700; x_wconf 88' lang='grc' dir='ltr'>τοο</span> <span class='ocrx_word' id='word_1_202' title='bbox 740 2632 967 2702; x_wconf 86' lang='grc' dir='ltr'><strong><em>Λουκούλλου</em></strong></span> <span class='ocrx_word' id='word_1_203' title='bbox 990 2631 1094 2740; x_wconf 85' lang='grc' dir='ltr'><strong><em>λόγους</em></strong></span> <span class='ocrx_word' id='word_1_204' title='bbox 1108 2626 1249 2738; x_wconf 75' lang='grc' dir='ltr'><strong><em>χρηστούς</em></strong></span> <span class='ocrx_word' id='word_1_205' title='bbox 1264 2636 1305 2709; x_wconf 75' lang='grc' dir='ltr'>εἰς</span> 
     </span>
     <span class='ocr_line' id='line_1_24' title="bbox 219 2712 1305 2806; baseline -0.002 -22"><span class='ocrx_word' id='word_1_206' title='bbox 219 2714 277 2784; x_wconf 91' lang='grc' dir='ltr'><strong><em>ούκ</em></strong></span> <span class='ocrx_word' id='word_1_207' title='bbox 292 2715 419 2796; x_wconf 71' lang='grc' dir='ltr'><strong><em>ἅπαντας</em></strong></span> <span class='ocrx_word' id='word_1_208' title='bbox 432 2713 499 2784; x_wconf 82' lang='grc' dir='ltr'><strong><em>ούδ’</em></strong></span> <span class='ocrx_word' id='word_1_209' title='bbox 515 2713 621 2803; x_wconf 77' lang='grc' dir='ltr'><strong><em>αήδεις</em></strong></span> <span class='ocrx_word' id='word_1_210' title='bbox 635 2745 687 2785; x_wconf 88' lang='grc' dir='ltr'>τον</span> <span class='ocrx_word' id='word_1_211' title='bbox 674 2725 944 2806; x_wconf 79' lang='grc' dir='ltr'><strong><em>δημαγωγεῖσθαι</em></strong></span> <span class='ocrx_word' id='word_1_212' title='bbox 959 2717 1148 2796; x_wconf 70' lang='grc' dir='ltr'><strong><em>διαδούς-</em></strong></span> <span class='ocrx_word' id='word_1_213' title='bbox 1149 2712 1238 2784; x_wconf 72' lang='lat' dir='ltr'>ml</span> <span class='ocrx_word' id='word_1_214' title='bbox 1252 2719 1305 2782; x_wconf 81' lang='grc' dir='ltr'>καὶ</span> 
     </span>
     <span class='ocr_line' id='line_1_25' title="bbox 219 2799 1304 2915; baseline 0 -47"><span class='ocrx_word' id='word_1_215' title='bbox 219 2801 272 2868; x_wconf 83' lang='grc' dir='ltr'>τὸν</span> <span class='ocrx_word' id='word_1_216' title='bbox 298 2801 436 2870; x_wconf 71' lang='grc' dir='ltr'><strong><em>Κλαύδιον</em></strong></span> <span class='ocrx_word' id='word_1_217' title='bbox 459 2801 552 2889; x_wconf 79' lang='grc' dir='ltr'><strong><em>ηδέως</em></strong></span> <span class='ocrx_word' id='word_1_218' title='bbox 564 2807 708 2912; x_wconf 76' lang='grc' dir='ltr'><strong><em>ἐδέχοντο</em></strong></span> <span class='ocrx_word' id='word_1_219' title='bbox 736 2808 787 2872; x_wconf 82' lang='grc' dir='ltr'>καλ</span> <span class='ocrx_word' id='word_1_220' title='bbox 794 2803 1062 2915; x_wconf 73' lang='grc' dir='ltr'><strong><em>φιλοστρατιώτην</em></strong></span> <span class='ocrx_word' id='word_1_221' title='bbox 1085 2799 1304 2889; x_wconf 65' lang='grc' dir='ltr'><strong><em>προαγόμενον</em></strong></span> 
     </span>
     <span class='ocr_line' id='line_1_26' title="bbox 219 2884 1303 2996; baseline -0.001 -43"><span class='ocrx_word' id='word_1_222' title='bbox 219 2884 398 2974; x_wconf 78' lang='grc' dir='ltr'><strong><em>ἀγανακτεῖν</em></strong></span> <span class='ocrx_word' id='word_1_223' title='bbox 412 2888 663 2996; x_wconf 81' lang='grc' dir='ltr'><strong><em>προςποιοόμενρν</em></strong></span> <span class='ocrx_word' id='word_1_224' title='bbox 678 2886 753 2978; x_wconf 81' lang='grc' dir='ltr'><strong><em>νπὲρ</em></strong></span> <span class='ocrx_word' id='word_1_225' title='bbox 766 2889 874 2974; x_wconf 72' lang='grc' dir='ltr'><strong><em>ποτοῖο,</em></strong></span> <span class='ocrx_word' id='word_1_226' title='bbox 890 2917 917 2956; x_wconf 95' lang='grc' dir='ltr'><strong><em>κ.</em></strong></span> <span class='ocrx_word' id='word_1_227' title='bbox 925 2915 949 2956; x_wconf 83' lang='grc' dir='ltr'><strong><em>τ.</em></strong></span> <span class='ocrx_word' id='word_1_228' title='bbox 957 2898 1033 2955; x_wconf 83' lang='grc' dir='ltr'><strong><em>λ.-</em></strong></span> <span class='ocrx_word' id='word_1_229' title='bbox 1042 2896 1182 2957; x_wconf 86' lang='lat' dir='ltr'>DioCaas.</span> <span class='ocrx_word' id='word_1_230' title='bbox 1189 2899 1303 2967; x_wconf 90' lang='lat' dir='ltr'>XXXV,</span> 
     </span>
     <span class='ocr_line' id='line_1_27' title="bbox 220 2973 1304 3056; baseline -0.002 -14"><span class='ocrx_word' id='word_1_231' title='bbox 220 2989 262 3042; x_wconf 80' lang='lat'>14</span> <span class='ocrx_word' id='word_1_232' title='bbox 278 3001 307 3056; x_wconf 90' lang='lat' dir='ltr'>p</span> <span class='ocrx_word' id='word_1_233' title='bbox 323 2989 367 3044; x_wconf 80' lang='grc'><strong><em>85.</em></strong></span> <span class='ocrx_word' id='word_1_234' title='bbox 382 2985 472 3041; x_wconf 79' lang='lat' dir='ltr'>heim.</span> <span class='ocrx_word' id='word_1_235' title='bbox 502 2973 656 3055; x_wconf 86' lang='grc' dir='ltr'><strong><em>Πούπλιός</em></strong></span> <span class='ocrx_word' id='word_1_236' title='bbox 669 3005 713 3055; x_wconf 84' lang='grc' dir='ltr'>τις</span> <span class='ocrx_word' id='word_1_237' title='bbox 726 2977 861 3054; x_wconf 72' lang='grc' dir='ltr'><strong><em>Κλαύδιος</em></strong></span> <span class='ocrx_word' id='word_1_238' title='bbox 874 2979 1078 3054; x_wconf 78' lang='grc' dir='ltr'><strong><em>ουνεστασίαζε</em></strong></span> <span class='ocrx_word' id='word_1_239' title='bbox 1088 2981 1168 3055; x_wconf 86' lang='grc' dir='ltr'><strong><em>σφας</em></strong></span> <span class='ocrx_word' id='word_1_240' title='bbox 1184 2986 1239 3053; x_wconf 89' lang='lat' dir='ltr'>(sc.</span> <span class='ocrx_word' id='word_1_241' title='bbox 1247 2985 1304 3040; x_wconf 89' lang='lat' dir='ltr'>Va·</span> 
     </span>
     <span class='ocr_line' id='line_1_28' title="bbox 219 3055 1307 3169; baseline 0.002 -45"><span class='ocrx_word' id='word_1_242' title='bbox 219 3057 386 3137; x_wconf 88' lang='lat' dir='ltr'>lerianos)</span> <span class='ocrx_word' id='word_1_243' title='bbox 371 3087 414 3126; x_wconf 86' lang='grc' dir='ltr'>νπ</span> <span class='ocrx_word' id='word_1_244' title='bbox 418 3056 571 3168; x_wconf 73' lang='grc' dir='ltr'><strong><em>’ἐμφύτου</em></strong></span> <span class='ocrx_word' id='word_1_245' title='bbox 585 3071 816 3169; x_wconf 79' lang='grc' dir='ltr'><strong><em>νεωτεροποιλας,</em></strong></span> <span class='ocrx_word' id='word_1_246' title='bbox 831 3067 986 3144; x_wconf 78' lang='grc' dir='ltr'><strong><em>καίπερ</em></strong></span> <span class='ocrx_word' id='word_1_247' title='bbox 950 3088 1002 3146; x_wconf 89' lang='grc' dir='ltr'><strong><em>της</em></strong></span> <span class='ocrx_word' id='word_1_248' title='bbox 1011 3055 1143 3142; x_wconf 76' lang='grc' dir='ltr'><strong><em>ιἰδελφής</em></strong></span> <span class='ocrx_word' id='word_1_249' title='bbox 1160 3059 1251 3127; x_wconf 71' lang='grc' dir='ltr'><strong><em>αὐτοῦ</em></strong></span> <span class='ocrx_word' id='word_1_250' title='bbox 1259 3067 1307 3148; x_wconf 70' lang='grc' dir='ltr'>τῷ</span> 
     </span>
     <span class='ocr_line' id='line_1_29' title="bbox 219 3144 1303 3256; baseline 0 -44"><span class='ocrx_word' id='word_1_251' title='bbox 219 3145 402 3252; x_wconf 77' lang='grc' dir='ltr'><strong><em>Λουκούλλῳ</em></strong></span> <span class='ocrx_word' id='word_1_252' title='bbox 409 3145 622 3254; x_wconf 78' lang='grc' dir='ltr'><strong><em>συνοικούσης.</em></strong></span> <span class='ocrx_word' id='word_1_253' title='bbox 633 3144 891 3256; x_wconf 78' lang='grc' dir='ltr'><strong><em>Ἐταρύηθησαν</em></strong></span> <span class='ocrx_word' id='word_1_254' title='bbox 904 3149 937 3212; x_wconf 78' lang='grc' dir='ltr'><strong><em>δὲ</em></strong></span> <span class='ocrx_word' id='word_1_255' title='bbox 949 3145 1052 3212; x_wconf 84' lang='grc' dir='ltr'><strong><em>καλ’</em></strong></span> <span class='ocrx_word' id='word_1_256' title='bbox 1018 3171 1082 3213; x_wconf 82' lang='grc' dir='ltr'><strong><em>τοτε</em></strong></span> <span class='ocrx_word' id='word_1_257' title='bbox 1099 3145 1195 3224; x_wconf 71' lang='grc' dir='ltr'><strong><em>ἄλλως</em></strong></span> <span class='ocrx_word' id='word_1_258' title='bbox 1207 3171 1237 3212; x_wconf 89' lang='grc' dir='ltr'>τε</span> <span class='ocrx_word' id='word_1_259' title='bbox 1252 3173 1303 3212; x_wconf 88' lang='grc' dir='ltr'>και</span> 
     </span>
     <span class='ocr_line' id='line_1_30' title="bbox 219 3227 1389 3382; baseline -0.001 -83"><span class='ocrx_word' id='word_1_260' title='bbox 219 3227 367 3317; x_wconf 68' lang='grc' dir='ltr'><strong><em>ἐπειδὴ</em></strong></span> <span class='ocrx_word' id='word_1_261' title='bbox 339 3244 391 3299; x_wconf 79' lang='grc' dir='ltr'>τὀν</span> <span class='ocrx_word' id='word_1_262' title='bbox 409 3229 587 3301; x_wconf 80' lang='grc' dir='ltr'><strong><em>Ἀκίλιον</em></strong></span> <span class='ocrx_word' id='word_1_263' title='bbox 559 3260 611 3300; x_wconf 88' lang='grc' dir='ltr'>τον</span> <span class='ocrx_word' id='word_1_264' title='bbox 630 3230 760 3337; x_wconf 71' lang='grc' dir='ltr'><strong><em>ὕπατον,</em></strong></span> <span class='ocrx_word' id='word_1_265' title='bbox 786 3231 818 3311; x_wconf 82' lang='grc' dir='ltr'><strong><em>δς</em></strong></span> <span class='ocrx_word' id='word_1_266' title='bbox 835 3259 879 3320; x_wconf 82' lang='grc' dir='ltr'>τφ</span> <span class='ocrx_word' id='word_1_267' title='bbox 882 3230 1083 3382; x_wconf 65' lang='grc' dir='ltr'><strong><em>Λουκούλλῳ</em></strong></span> <span class='ocrx_word' id='word_1_268' title='bbox 1103 3229 1240 3339; x_wconf 68' lang='grc' dir='ltr'><strong><em>διάδοχος</em></strong></span> <span class='ocrx_word' id='word_1_269' title='bbox 1259 3271 1303 3281; x_wconf 83' lang='lat'><em>-</em></span> <span class='ocrx_word' id='word_1_270' title='bbox 1386 3309 1389 3316; x_wconf 24' lang='grc' dir='ltr'>Ι</span> 
     </span>
     <span class='ocr_line' id='line_1_31' title="bbox 218 3311 1302 3426; baseline 0 -42"><span class='ocrx_word' id='word_1_271' title='bbox 218 3320 397 3424; x_wconf 74' lang='grc' dir='ltr'><strong><em>ἐξεπέμφθη,</em></strong></span> <span class='ocrx_word' id='word_1_272' title='bbox 412 3317 611 3426; x_wconf 82' lang='grc' dir='ltr'><strong><em>πλησιάζοντα</em></strong></span> <span class='ocrx_word' id='word_1_273' title='bbox 625 3315 789 3384; x_wconf 70' lang='grc' dir='ltr'><strong><em>ἐπύθοντο·</em></strong></span> <span class='ocrx_word' id='word_1_274' title='bbox 811 3317 889 3384; x_wconf 80' lang='grc' dir='ltr'>ἒν</span> <span class='ocrx_word' id='word_1_275' title='bbox 857 3345 915 3406; x_wconf 89' lang='grc' dir='ltr'>γαρ</span> <span class='ocrx_word' id='word_1_276' title='bbox 928 3315 1069 3408; x_wconf 80' lang='grc' dir='ltr'><strong><em>όλιγωρίη</em></strong></span> <span class='ocrx_word' id='word_1_277' title='bbox 1091 3311 1183 3383; x_wconf 83' lang='grc' dir='ltr'><strong><em>αύτδν</em></strong></span> <span class='ocrx_word' id='word_1_278' title='bbox 1196 3312 1235 3396; x_wconf 66' lang='lat' dir='ltr'>dg</span> <span class='ocrx_word' id='word_1_279' title='bbox 1250 3320 1302 3384; x_wconf 72' lang='lat' dir='ltr'>cot</span> 
     </span>
     <span class='ocr_line' id='line_1_32' title="bbox 207 3403 1303 3489; baseline 0 -21"><span class='ocrx_word' id='word_1_280' title='bbox 207 3403 405 3470; x_wconf 34' lang='lat' dir='ltr'>*iesuralem</span> <span class='ocrx_word' id='word_1_281' title='bbox 423 3403 483 3489; x_wconf 88' lang='grc' dir='ltr'>ηδη</span> <span class='ocrx_word' id='word_1_282' title='bbox 506 3405 668 3469; x_wconf 73' lang='grc' dir='ltr'><strong><em>ἐποιοῦντο.</em></strong></span> <span class='ocrx_word' id='word_1_283' title='bbox 711 3413 825 3470; x_wconf 86' lang='lat' dir='ltr'>Factum</span> <span class='ocrx_word' id='word_1_284' title='bbox 847 3413 877 3468; x_wconf 90' lang='lat' dir='ltr'>id</span> <span class='ocrx_word' id='word_1_285' title='bbox 899 3429 972 3468; x_wconf 89' lang='lat' dir='ltr'>anno</span> <span class='ocrx_word' id='word_1_286' title='bbox 995 3417 1038 3474; x_wconf 93' lang='lat'><strong>67.</strong></span> <span class='ocrx_word' id='word_1_287' title='bbox 1053 3430 1079 3469; x_wconf 91' lang='lat' dir='ltr'>a.</span> <span class='ocrx_word' id='word_1_288' title='bbox 1096 3411 1159 3470; x_wconf 83' lang='lat' dir='ltr'>Chr.</span> <span class='ocrx_word' id='word_1_289' title='bbox 1182 3430 1209 3470; x_wconf 93' lang='lat' dir='ltr'>n.</span> <span class='ocrx_word' id='word_1_290' title='bbox 1256 3413 1303 3469; x_wconf 80' lang='lat' dir='ltr'>Ad</span> 
     </span>
     <span class='ocr_line' id='line_1_33' title="bbox 218 3497 1300 3570; baseline 0.002 -18"><span class='ocrx_word' id='word_1_291' title='bbox 218 3501 454 3556; x_wconf 86' lang='lat' dir='ltr'>constructionem</span> <span class='ocrx_word' id='word_1_292' title='bbox 472 3498 675 3554; x_wconf 87' lang='lat' dir='ltr'>verborumel.</span> <span class='ocrx_word' id='word_1_293' title='bbox 692 3497 739 3553; x_wconf 86' lang='lat' dir='ltr'>Fr.</span> <span class='ocrx_word' id='word_1_294' title='bbox 755 3499 775 3570; x_wconf 88' lang='lat' dir='ltr'>l,</span> <span class='ocrx_word' id='word_1_295' title='bbox 789 3503 834 3560; x_wconf 76' lang='lat'><strong>96.</strong></span> <span class='ocrx_word' id='word_1_296' title='bbox 867 3499 974 3556; x_wconf 77' lang='lat' dir='ltr'>In&#39;berr&#39;r</span> <span class='ocrx_word' id='word_1_297' title='bbox 988 3502 1046 3556; x_wconf 73' lang='lat' dir='ltr'>cios</span> <span class='ocrx_word' id='word_1_298' title='bbox 1062 3500 1214 3556; x_wconf 80' lang='lat' dir='ltr'>avunculus</span> <span class='ocrx_word' id='word_1_299' title='bbox 1229 3505 1300 3555; x_wconf 84' lang='lat' dir='ltr'>eret.</span> 
     </span>
     <span class='ocr_line' id='line_1_34' title="bbox 219 3582 1300 3660; baseline 0.002 -20"><span class='ocrx_word' id='word_1_300' title='bbox 219 3583 277 3641; x_wconf 85' lang='lat' dir='ltr'>Cic.</span> <span class='ocrx_word' id='word_1_301' title='bbox 294 3585 370 3640; x_wconf 84' lang='lat' dir='ltr'>Brut.</span> <span class='ocrx_word' id='word_1_302' title='bbox 388 3602 412 3639; x_wconf 89' lang='lat' dir='ltr'>c.</span> <span class='ocrx_word' id='word_1_303' title='bbox 429 3589 474 3652; x_wconf 83' lang='grc'>83,</span> <span class='ocrx_word' id='word_1_304' title='bbox 487 3585 548 3642; x_wconf 67' lang='grc'><strong><em>286.</em></strong></span> <span class='ocrx_word' id='word_1_305' title='bbox 592 3582 794 3658; x_wconf 78' lang='lat' dir='ltr'>Demochares,</span> <span class='ocrx_word' id='word_1_306' title='bbox 815 3603 860 3660; x_wconf 81' lang='lat' dir='ltr'>qm</span> <span class='ocrx_word' id='word_1_307' title='bbox 857 3585 932 3658; x_wconf 78' lang='lat' dir='ltr'>fuit</span> <span class='ocrx_word' id='word_1_308' title='bbox 945 3585 1122 3644; x_wconf 71' lang='lat' dir='ltr'>Demostheni</span> <span class='ocrx_word' id='word_1_309' title='bbox 1138 3586 1244 3642; x_wconf 65' lang='lat' dir='ltr'>sororis</span> <span class='ocrx_word' id='word_1_310' title='bbox 1264 3587 1300 3657; x_wconf 78' lang='lat' dir='ltr'>fi-</span> 
     </span>
     <span class='ocr_line' id='line_1_35' title="bbox 218 3669 680 3741; baseline -0.004 -15"><span class='ocrx_word' id='word_1_311' title='bbox 218 3672 279 3741; x_wconf 80' lang='lat' dir='ltr'>lius,</span> <span class='ocrx_word' id='word_1_312' title='bbox 293 3671 431 3726; x_wconf 76' lang='lat' dir='ltr'>orationes</span> <span class='ocrx_word' id='word_1_313' title='bbox 445 3670 558 3740; x_wconf 60' lang='lat' dir='ltr'>sortierit</span> <span class='ocrx_word' id='word_1_314' title='bbox 570 3669 680 3740; x_wconf 83' lang='lat' dir='ltr'>aliquot.</span> 
     </span>
    </p>
   </div>
   <div class='ocr_carea' id='block_1_6' title="bbox 215 3837 1302 4345">
    <p class='ocr_par' dir='ltr' id='par_1_8' title="bbox 215 3837 1302 4345">
     <span class='ocr_line' id='line_1_36' title="bbox 302 3837 1301 3914; baseline 0.002 -20"><span class='ocrx_word' id='word_1_315' title='bbox 302 3841 348 3894; x_wconf 91' lang='lat' dir='ltr'>Fr.</span> <span class='ocrx_word' id='word_1_316' title='bbox 365 3843 407 3898; x_wconf 90' lang='grc'><strong><em>10.</em></strong></span> <span class='ocrx_word' id='word_1_317' title='bbox 427 3837 513 3910; x_wconf 85' lang='lat' dir='ltr'>[Cort.</span> <span class='ocrx_word' id='word_1_318' title='bbox 530 3855 557 3910; x_wconf 90' lang='lat' dir='ltr'><strong>p.</strong></span> <span class='ocrx_word' id='word_1_319' title='bbox 573 3845 654 3898; x_wconf 74' lang='grc' dir='ltr'>1012.Ι</span> <span class='ocrx_word' id='word_1_320' title='bbox 668 3839 742 3895; x_wconf 85' lang='lat' dir='ltr'>Geil.</span> <span class='ocrx_word' id='word_1_321' title='bbox 760 3841 886 3897; x_wconf 84' lang='lat' dir='ltr'>edmai.</span> <span class='ocrx_word' id='word_1_322' title='bbox 902 3840 968 3896; x_wconf 87' lang='lat' dir='ltr'>Vol.</span> <span class='ocrx_word' id='word_1_323' title='bbox 983 3837 1150 3914; x_wconf 22' lang='lat' dir='ltr'>111.p.,149.</span> <span class='ocrx_word' id='word_1_324' title='bbox 1169 3838 1215 3898; x_wconf 89' lang='lat' dir='ltr'>ed.</span> <span class='ocrx_word' id='word_1_325' title='bbox 1234 3841 1301 3896; x_wconf 91' lang='lat' dir='ltr'>mio.</span> 
     </span>
     <span class='ocr_line' id='line_1_37' title="bbox 217 3924 1301 3998; baseline 0.003 -20"><span class='ocrx_word' id='word_1_326' title='bbox 217 3924 274 3979; x_wconf 90' lang='lat' dir='ltr'>Ino.</span> <span class='ocrx_word' id='word_1_327' title='bbox 290 3929 334 3984; x_wconf 79' lang='lat'>95.</span> <span class='ocrx_word' id='word_1_328' title='bbox 350 3941 379 3997; x_wconf 89' lang='lat' dir='ltr'>p.</span> <span class='ocrx_word' id='word_1_329' title='bbox 397 3929 459 3992; x_wconf 79' lang='lat'>240,</span> <span class='ocrx_word' id='word_1_330' title='bbox 476 3928 518 3983; x_wconf 86' lang='lat'><strong>16.</strong></span> <span class='ocrx_word' id='word_1_331' title='bbox 540 3925 622 3981; x_wconf 88' lang='lat' dir='ltr'>Debr.</span> <span class='ocrx_word' id='word_1_332' title='bbox 641 3926 672 3994; x_wconf 91' lang='lat' dir='ltr'>V,</span> <span class='ocrx_word' id='word_1_333' title='bbox 687 3929 747 3996; x_wconf 70' lang='grc' dir='ltr'><strong><em>λδ]</em></strong></span> <span class='ocrx_word' id='word_1_334' title='bbox 790 3927 889 3982; x_wconf 87' lang='lat' dir='ltr'>Exstat</span> <span class='ocrx_word' id='word_1_335' title='bbox 909 3927 988 3981; x_wconf 89' lang='lat' dir='ltr'>locus</span> <span class='ocrx_word' id='word_1_336' title='bbox 1011 3924 1087 3998; x_wconf 87' lang='lat' dir='ltr'>apud</span> <span class='ocrx_word' id='word_1_337' title='bbox 1108 3925 1247 3981; x_wconf 79' lang='lat' dir='ltr'>Plutarch.</span> <span class='ocrx_word' id='word_1_338' title='bbox 1271 3926 1301 3981; x_wconf 90' lang='lat' dir='ltr'>in</span> 
     </span>
     <span class='ocr_line' id='line_1_38' title="bbox 216 4011 1301 4089; baseline 0.001 -24"><span class='ocrx_word' id='word_1_339' title='bbox 216 4011 323 4065; x_wconf 87' lang='lat' dir='ltr'>Lucull.</span> <span class='ocrx_word' id='word_1_340' title='bbox 344 4028 369 4066; x_wconf 90' lang='lat' dir='ltr'>o.</span> <span class='ocrx_word' id='word_1_341' title='bbox 386 4014 431 4079; x_wconf 78' lang='lat'>33,</span> <span class='ocrx_word' id='word_1_342' title='bbox 446 4011 535 4080; x_wconf 70' lang='lat' dir='ltr'>med„</span> <span class='ocrx_word' id='word_1_343' title='bbox 557 4012 631 4068; x_wconf 88' lang='lat' dir='ltr'>unde</span> <span class='ocrx_word' id='word_1_344' title='bbox 650 4017 727 4084; x_wconf 90' lang='lat' dir='ltr'>patet</span> <span class='ocrx_word' id='word_1_345' title='bbox 749 4012 912 4069; x_wconf 86' lang='lat' dir='ltr'>Sallustium</span> <span class='ocrx_word' id='word_1_346' title='bbox 931 4011 1070 4067; x_wconf 86' lang='lat' dir='ltr'>seditione</span> <span class='ocrx_word' id='word_1_347' title='bbox 1090 4011 1230 4089; x_wconf 81' lang='lat' dir='ltr'>exercitus</span> <span class='ocrx_word' id='word_1_348' title='bbox 1248 4011 1301 4066; x_wconf 87' lang='lat' dir='ltr'>Lu-</span> 
     </span>
     <span class='ocr_line' id='line_1_39' title="bbox 215 4095 1302 4169; baseline 0.002 -19"><span class='ocrx_word' id='word_1_349' title='bbox 215 4095 328 4152; x_wconf 87' lang='lat' dir='ltr'>culliani</span> <span class='ocrx_word' id='word_1_350' title='bbox 344 4101 456 4152; x_wconf 84' lang='lat' dir='ltr'>narrata</span> <span class='ocrx_word' id='word_1_351' title='bbox 469 4098 559 4155; x_wconf 80' lang='lat' dir='ltr'>fusius</span> <span class='ocrx_word' id='word_1_352' title='bbox 577 4100 639 4155; x_wconf 93' lang='lat' dir='ltr'>eius</span> <span class='ocrx_word' id='word_1_353' title='bbox 656 4101 696 4154; x_wconf 87' lang='lat' dir='ltr'>rei</span> <span class='ocrx_word' id='word_1_354' title='bbox 713 4113 832 4154; x_wconf 88' lang='lat' dir='ltr'>caussas</span> <span class='ocrx_word' id='word_1_355' title='bbox 845 4100 1024 4169; x_wconf 79' lang='lat' dir='ltr'>exposuisse.</span> <span class='ocrx_word' id='word_1_356' title='bbox 1066 4097 1129 4152; x_wconf 91' lang='lat' dir='ltr'>Non</span> <span class='ocrx_word' id='word_1_357' title='bbox 1145 4103 1189 4154; x_wconf 86' lang='lat' dir='ltr'>est</span> <span class='ocrx_word' id='word_1_358' title='bbox 1209 4101 1302 4154; x_wconf 82' lang='lat' dir='ltr'>autem</span> 
     </span>
     <span class='ocr_line' id='line_1_40' title="bbox 218 4182 1301 4255; baseline 0.003 -18"><span class='ocrx_word' id='word_1_359' title='bbox 218 4182 400 4254; x_wconf 82' lang='lat' dir='ltr'>improbabile</span> <span class='ocrx_word' id='word_1_360' title='bbox 416 4184 498 4239; x_wconf 85' lang='lat' dir='ltr'>ctiam</span> <span class='ocrx_word' id='word_1_361' title='bbox 514 4187 629 4252; x_wconf 83' lang='lat' dir='ltr'>relicua,</span> <span class='ocrx_word' id='word_1_362' title='bbox 650 4199 724 4255; x_wconf 86' lang='lat' dir='ltr'>quac</span> <span class='ocrx_word' id='word_1_363' title='bbox 742 4182 908 4244; x_wconf 83' lang='lat' dir='ltr'>Plutarchus</span> <span class='ocrx_word' id='word_1_364' title='bbox 925 4185 943 4238; x_wconf 95' lang='lat' dir='ltr'>l.</span> <span class='ocrx_word' id='word_1_365' title='bbox 959 4185 977 4244; x_wconf 90' lang='lat' dir='ltr'>l.</span> <span class='ocrx_word' id='word_1_366' title='bbox 1003 4182 1039 4238; x_wconf 90' lang='lat' dir='ltr'>de</span> <span class='ocrx_word' id='word_1_367' title='bbox 1054 4184 1161 4238; x_wconf 85' lang='lat' dir='ltr'>Luculli</span> <span class='ocrx_word' id='word_1_368' title='bbox 1176 4184 1301 4240; x_wconf 86' lang='lat' dir='ltr'>moribus</span> 
     </span>
     <span class='ocr_line' id='line_1_41' title="bbox 216 4267 1302 4345; baseline 0.001 -22"><span class='ocrx_word' id='word_1_369' title='bbox 216 4273 300 4342; x_wconf 87' lang='lat' dir='ltr'>atque</span> <span class='ocrx_word' id='word_1_370' title='bbox 317 4268 430 4345; x_wconf 83' lang='lat' dir='ltr'>ingenio</span> <span class='ocrx_word' id='word_1_371' title='bbox 442 4271 559 4332; x_wconf 89' lang='lat' dir='ltr'>militum</span> <span class='ocrx_word' id='word_1_372' title='bbox 572 4270 672 4328; x_wconf 82' lang='lat' dir='ltr'>animis</span> <span class='ocrx_word' id='word_1_373' title='bbox 683 4269 830 4344; x_wconf 83' lang='lat' dir='ltr'>capiendis</span> <span class='ocrx_word' id='word_1_374' title='bbox 844 4285 944 4344; x_wconf 85' lang='lat' dir='ltr'>parum</span> <span class='ocrx_word' id='word_1_375' title='bbox 960 4274 1024 4344; x_wconf 89' lang='lat' dir='ltr'>apto</span> <span class='ocrx_word' id='word_1_376' title='bbox 1040 4267 1172 4342; x_wconf 85' lang='lat' dir='ltr'>disputat,</span> <span class='ocrx_word' id='word_1_377' title='bbox 1188 4268 1302 4342; x_wconf 85' lang='lat' dir='ltr'>quibus·</span> 
     </span>
    </p>
   </div>
   <div class='ocr_carea' id='block_1_7' title="bbox 0 0 1536 4966">
    <p class='ocr_par' dir='ltr' id='par_1_9' title="bbox 0 0 1536 4966">
     <span class='ocr_line' id='line_1_42' title="bbox 0 0 1536 4966; baseline 0 2"><span class='ocrx_word' id='word_1_378' title='bbox 0 0 1536 4966; x_wconf 95' lang='lat' dir='ltr'> </span> 
     </span>
    </p>
   </div>
  </div>
 </body>
</html>
