<?xml version="1.0" encoding="UTF-8"?>
<!DOCTYPE html PUBLIC "-//W3C//DTD XHTML 1.0 Transitional//EN"
    "http://www.w3.org/TR/xhtml1/DTD/xhtml1-transitional.dtd">
<html xmlns="http://www.w3.org/1999/xhtml" xml:lang="en" lang="en">
 <head>
  <title>
</title>
<meta http-equiv="Content-Type" content="text/html;charset=utf-8" />
  <meta name='ocr-system' content='tesseract 3.04.00' />
  <meta name='ocr-capabilities' content='ocr_page ocr_carea ocr_par ocr_line ocrx_word'/>
</head>
<body>
  <div class='ocr_page' id='page_1' title='image "./csallusticrispi04sallgoog_0169.png"; bbox 0 0 3098 4970; ppageno 0'>
   <div class='ocr_carea' id='block_1_1' title="bbox 360 737 1214 1016">
    <p class='ocr_par' dir='ltr' id='par_1_1' title="bbox 360 737 1214 1016">
     <span class='ocr_line' id='line_1_1' title="bbox 360 737 1214 836; baseline -0.005 0"><span class='ocrx_word' id='word_1_1' title='bbox 360 739 797 836; x_wconf 81' lang='lat' dir='ltr'>llll&#39;lllllltlllllll</span> <span class='ocrx_word' id='word_1_2' title='bbox 841 737 1214 834; x_wconf 74' lang='lat' dir='ltr'>tolluntur.</span> 
     </span>
     <span class='ocr_line' id='line_1_2' title="bbox 693 945 886 1016; baseline -0.01 0"><span class='ocrx_word' id='word_1_3' title='bbox 693 945 823 1016; x_wconf 85' lang='lat' dir='ltr'>LIBER</span> <span class='ocrx_word' id='word_1_4' title='bbox 849 945 886 1016; x_wconf 92' lang='lat' dir='ltr'>ll.</span> 
     </span>
    </p>
   </div>
   <div class='ocr_carea' id='block_1_2' title="bbox 615 1153 954 1168">
    <p class='ocr_par' dir='ltr' id='par_1_2' title="bbox 615 1153 954 1168">
     <span class='ocr_line' id='line_1_3' title="bbox 615 1153 954 1168; baseline 0.006 -10"><span class='ocrx_word' id='word_1_5' title='bbox 615 1153 954 1168; x_wconf 83' lang='lat'>--—--——·-—-·--</span> 
     </span>
    </p>
   </div>
   <div class='ocr_carea' id='block_1_3' title="bbox 656 1319 920 1378">
    <p class='ocr_par' dir='ltr' id='par_1_3' title="bbox 656 1319 920 1378">
     <span class='ocr_line' id='line_1_4' title="bbox 656 1319 920 1378; baseline -0.015 -1"><span class='ocrx_word' id='word_1_6' title='bbox 656 1319 920 1378; x_wconf 82' lang='lat' dir='ltr'>ARGUMENTUM.</span> 
     </span>
    </p>
   </div>
   <div class='ocr_carea' id='block_1_4' title="bbox 732 1465 838 1520">
    <p class='ocr_par' dir='ltr' id='par_1_4' title="bbox 732 1465 838 1520">
     <span class='ocr_line' id='line_1_5' title="bbox 732 1465 838 1520; baseline 0.028 -4"><span class='ocrx_word' id='word_1_7' title='bbox 732 1465 798 1518; x_wconf 69' lang='lat' dir='ltr'>Ger.</span> <span class='ocrx_word' id='word_1_8' title='bbox 819 1467 838 1520; x_wconf 90' lang='lat' dir='ltr'>I.</span> 
     </span>
    </p>
   </div>
   <div class='ocr_carea' id='block_1_5' title="bbox 201 1571 1331 1916">
    <p class='ocr_par' dir='ltr' id='par_1_5' title="bbox 201 1571 1331 1916">
     <span class='ocr_line' id='line_1_6' title="bbox 201 1571 1331 1638; baseline 0.002 -16"><span class='ocrx_word' id='word_1_9' title='bbox 201 1579 203 1584; x_wconf 81' lang='grc'>’</span> <span class='ocrx_word' id='word_1_10' title='bbox 314 1571 407 1638; x_wconf 81' lang='lat' dir='ltr'>Lepidi</span> <span class='ocrx_word' id='word_1_11' title='bbox 424 1587 465 1622; x_wconf 89' lang='lat' dir='ltr'>res</span> <span class='ocrx_word' id='word_1_12' title='bbox 484 1578 613 1622; x_wconf 85' lang='lat' dir='ltr'>extremae</span> <span class='ocrx_word' id='word_1_13' title='bbox 631 1587 662 1622; x_wconf 88' lang='lat' dir='ltr'>ao</span> <span class='ocrx_word' id='word_1_14' title='bbox 681 1585 750 1622; x_wconf 85' lang='lat' dir='ltr'>mors</span> <span class='ocrx_word' id='word_1_15' title='bbox 768 1573 794 1622; x_wconf 95' lang='lat' dir='ltr'>in</span> <span class='ocrx_word' id='word_1_16' title='bbox 812 1571 932 1624; x_wconf 82' lang='lat' dir='ltr'>Sardinia</span> <span class='ocrx_word' id='word_1_17' title='bbox 948 1579 1089 1638; x_wconf 86' lang='lat' dir='ltr'>narrentur.</span> <span class='ocrx_word' id='word_1_18' title='bbox 1108 1597 1143 1606; x_wconf 91' lang='lat'>—</span> <span class='ocrx_word' id='word_1_19' title='bbox 1163 1571 1267 1622; x_wconf 75' lang='lat' dir='ltr'><strong>Insulae</strong></span> <span class='ocrx_word' id='word_1_20' title='bbox 1285 1573 1331 1624; x_wconf 81' lang='lat' dir='ltr'>tle-</span> 
     </span>
     <span class='ocr_line' id='line_1_7' title="bbox 243 1663 1329 1731; baseline 0.001 -17"><span class='ocrx_word' id='word_1_21' title='bbox 243 1664 349 1731; x_wconf 79' lang='lat' dir='ltr'>scriptio</span> <span class='ocrx_word' id='word_1_22' title='bbox 368 1669 392 1714; x_wconf 86' lang='lat' dir='ltr'>et</span> <span class='ocrx_word' id='word_1_23' title='bbox 409 1663 580 1728; x_wconf 82' lang='lat' dir='ltr'>antiquitates.</span> <span class='ocrx_word' id='word_1_24' title='bbox 602 1689 637 1698; x_wconf 92' lang='lat'>—</span> <span class='ocrx_word' id='word_1_25' title='bbox 655 1663 773 1716; x_wconf 81' lang='lat' dir='ltr'>Gorsiese</span> <span class='ocrx_word' id='word_1_26' title='bbox 791 1663 939 1730; x_wconf 70' lang='lat' dir='ltr'><strong>descriptio.</strong></span> <span class='ocrx_word' id='word_1_27' title='bbox 954 1691 989 1700; x_wconf 88' lang='lat'>-</span> <span class='ocrx_word' id='word_1_28' title='bbox 1006 1663 1149 1728; x_wconf 81' lang='lat' dir='ltr'>Perpernae</span> <span class='ocrx_word' id='word_1_29' title='bbox 1162 1679 1220 1714; x_wconf 86' lang='lat' dir='ltr'>oum</span> <span class='ocrx_word' id='word_1_30' title='bbox 1231 1663 1329 1731; x_wconf 85' lang='lat' dir='ltr'>Lepido</span> 
     </span>
     <span class='ocr_line' id='line_1_8' title="bbox 244 1753 1329 1824; baseline 0.003 -20"><span class='ocrx_word' id='word_1_31' title='bbox 244 1756 371 1816; x_wconf 77' lang='lat' dir='ltr'>coniuncti</span> <span class='ocrx_word' id='word_1_32' title='bbox 389 1755 452 1822; x_wconf 89' lang='lat' dir='ltr'>luga</span> <span class='ocrx_word' id='word_1_33' title='bbox 469 1769 501 1804; x_wconf 85' lang='lat' dir='ltr'>ex</span> <span class='ocrx_word' id='word_1_34' title='bbox 520 1753 610 1804; x_wconf 79' lang='lat' dir='ltr'>Sicilie</span> <span class='ocrx_word' id='word_1_35' title='bbox 633 1762 657 1805; x_wconf 89' lang='lat' dir='ltr'>et</span> <span class='ocrx_word' id='word_1_36' title='bbox 681 1755 785 1810; x_wconf 79' lang='lat' dir='ltr'>Goreiea</span> <span class='ocrx_word' id='word_1_37' title='bbox 805 1755 831 1804; x_wconf 91' lang='lat' dir='ltr'>in</span> <span class='ocrx_word' id='word_1_38' title='bbox 856 1753 966 1806; x_wconf 86' lang='lat' dir='ltr'>Gelliam</span> <span class='ocrx_word' id='word_1_39' title='bbox 989 1754 1098 1820; x_wconf 80' lang='lat' dir='ltr'>indeque</span> <span class='ocrx_word' id='word_1_40' title='bbox 1121 1756 1147 1809; x_wconf 91' lang='lat' dir='ltr'>iu</span> <span class='ocrx_word' id='word_1_41' title='bbox 1169 1755 1329 1824; x_wconf 84' lang='lat' dir='ltr'>Hispaniam.</span> 
     </span>
     <span class='ocr_line' id='line_1_9' title="bbox 245 1844 818 1916; baseline -0.003 -18"><span class='ocrx_word' id='word_1_42' title='bbox 245 1848 286 1898; x_wconf 84' lang='lat' dir='ltr'>Fr.</span> <span class='ocrx_word' id='word_1_43' title='bbox 308 1846 411 1902; x_wconf 80' lang='grc'><strong>1-15,</strong></span> <span class='ocrx_word' id='word_1_44' title='bbox 430 1844 511 1916; x_wconf 78' lang='lat' dir='ltr'>[Anni</span> <span class='ocrx_word' id='word_1_45' title='bbox 529 1845 577 1898; x_wconf 73' lang='lat'>77.</span> <span class='ocrx_word' id='word_1_46' title='bbox 593 1845 635 1896; x_wconf 80' lang='lat' dir='ltr'>to.</span> <span class='ocrx_word' id='word_1_47' title='bbox 656 1861 680 1898; x_wconf 83' lang='lat' dir='ltr'>a.</span> <span class='ocrx_word' id='word_1_48' title='bbox 701 1848 760 1900; x_wconf 78' lang='lat' dir='ltr'>Chr.</span> <span class='ocrx_word' id='word_1_49' title='bbox 779 1845 818 1913; x_wconf 81' lang='lat' dir='ltr'>m]</span> 
     </span>
    </p>
   </div>
   <div class='ocr_carea' id='block_1_6' title="bbox 735 1965 855 2019">
    <p class='ocr_par' dir='ltr' id='par_1_6' title="bbox 735 1965 855 2019">
     <span class='ocr_line' id='line_1_10' title="bbox 735 1965 855 2019; baseline 0.017 -1"><span class='ocrx_word' id='word_1_50' title='bbox 735 1965 803 2018; x_wconf 72' lang='lat' dir='ltr'>Ger.</span> <span class='ocrx_word' id='word_1_51' title='bbox 823 1966 855 2019; x_wconf 89' lang='lat' dir='ltr'>ll.</span> 
     </span>
    </p>
   </div>
   <div class='ocr_carea' id='block_1_7' title="bbox 243 2068 1331 2502">
    <p class='ocr_par' dir='ltr' id='par_1_7' title="bbox 243 2068 1331 2502">
     <span class='ocr_line' id='line_1_11' title="bbox 312 2068 1329 2137; baseline 0.002 -17"><span class='ocrx_word' id='word_1_52' title='bbox 312 2070 411 2122; x_wconf 86' lang='lat' dir='ltr'>Bellum</span> <span class='ocrx_word' id='word_1_53' title='bbox 430 2069 613 2124; x_wconf 88' lang='lat' dir='ltr'>Sertorianum.</span> <span class='ocrx_word' id='word_1_54' title='bbox 633 2070 748 2137; x_wconf 88' lang='lat' dir='ltr'>Pompeii</span> <span class='ocrx_word' id='word_1_55' title='bbox 764 2070 791 2119; x_wconf 91' lang='lat' dir='ltr'>in</span> <span class='ocrx_word' id='word_1_56' title='bbox 800 2070 951 2136; x_wconf 87' lang='lat' dir='ltr'>Hispaniam</span> <span class='ocrx_word' id='word_1_57' title='bbox 970 2069 1017 2118; x_wconf 88' lang='lat' dir='ltr'>iter</span> <span class='ocrx_word' id='word_1_58' title='bbox 1032 2075 1056 2117; x_wconf 91' lang='lat' dir='ltr'>et</span> <span class='ocrx_word' id='word_1_59' title='bbox 1075 2068 1208 2123; x_wconf 88' lang='lat' dir='ltr'>adventus.</span> <span class='ocrx_word' id='word_1_60' title='bbox 1221 2072 1329 2122; x_wconf 81' lang='lat' dir='ltr'>-llius</span> 
     </span>
     <span class='ocr_line' id='line_1_12' title="bbox 244 2160 1331 2230; baseline -0.003 -15"><span class='ocrx_word' id='word_1_61' title='bbox 244 2163 376 2230; x_wconf 77' lang='lat' dir='ltr'>ingenium</span> <span class='ocrx_word' id='word_1_62' title='bbox 391 2161 541 2212; x_wconf 80' lang='lat' dir='ltr'>illustretur.</span> <span class='ocrx_word' id='word_1_63' title='bbox 559 2161 706 2212; x_wconf 86' lang='lat' dir='ltr'>—Rerum</span> <span class='ocrx_word' id='word_1_64' title='bbox 724 2166 854 2227; x_wconf 89' lang='lat' dir='ltr'>gestarum</span> <span class='ocrx_word' id='word_1_65' title='bbox 877 2160 1016 2210; x_wconf 77' lang='lat' dir='ltr'>narrationi</span> <span class='ocrx_word' id='word_1_66' title='bbox 1040 2161 1210 2225; x_wconf 84' lang='lat' dir='ltr'>praemittitur</span> <span class='ocrx_word' id='word_1_67' title='bbox 1233 2163 1331 2212; x_wconf 85' lang='lat' dir='ltr'>deseri-</span> 
     </span>
     <span class='ocr_line' id='line_1_13' title="bbox 243 2250 1328 2321; baseline 0 -17"><span class='ocrx_word' id='word_1_68' title='bbox 243 2255 297 2320; x_wconf 89' lang='lat' dir='ltr'>ptio</span> <span class='ocrx_word' id='word_1_69' title='bbox 315 2254 410 2321; x_wconf 87' lang='lat' dir='ltr'>ingenii</span> <span class='ocrx_word' id='word_1_70' title='bbox 429 2253 610 2319; x_wconf 78' lang='lat' dir='ltr'>Hispanorum.</span> <span class='ocrx_word' id='word_1_71' title='bbox 631 2279 666 2288; x_wconf 89' lang='grc'>--</span> <span class='ocrx_word' id='word_1_72' title='bbox 684 2252 788 2318; x_wconf 86' lang='lat' dir='ltr'>Pugnae</span> <span class='ocrx_word' id='word_1_73' title='bbox 806 2251 876 2317; x_wconf 89' lang='lat' dir='ltr'>apud</span> <span class='ocrx_word' id='word_1_74' title='bbox 896 2250 1023 2312; x_wconf 88' lang='lat' dir='ltr'>ltelioam,</span> <span class='ocrx_word' id='word_1_75' title='bbox 1048 2250 1205 2310; x_wconf 85' lang='lat' dir='ltr'>Lauronem,</span> <span class='ocrx_word' id='word_1_76' title='bbox 1225 2252 1328 2304; x_wconf 86' lang='lat' dir='ltr'>Turiam</span> 
     </span>
     <span class='ocr_line' id='line_1_14' title="bbox 243 2341 1330 2412; baseline -0.002 -17"><span class='ocrx_word' id='word_1_77' title='bbox 243 2346 298 2395; x_wconf 83' lang='lat' dir='ltr'>sive</span> <span class='ocrx_word' id='word_1_78' title='bbox 316 2344 472 2412; x_wconf 77' lang='lat' dir='ltr'>Saguntum,</span> <span class='ocrx_word' id='word_1_79' title='bbox 491 2343 566 2396; x_wconf 86' lang='lat' dir='ltr'>eliae.</span> <span class='ocrx_word' id='word_1_80' title='bbox 588 2342 734 2394; x_wconf 88' lang='lat' dir='ltr'>-Metelli</span> <span class='ocrx_word' id='word_1_81' title='bbox 753 2343 779 2392; x_wconf 92' lang='lat' dir='ltr'>in</span> <span class='ocrx_word' id='word_1_82' title='bbox 801 2341 947 2392; x_wconf 84' lang='lat' dir='ltr'>ulteriorem</span> <span class='ocrx_word' id='word_1_83' title='bbox 970 2341 1129 2408; x_wconf 79' lang='lat' dir='ltr'>provinciam</span> <span class='ocrx_word' id='word_1_84' title='bbox 1150 2357 1275 2394; x_wconf 80' lang='lat' dir='ltr'>recessus.</span> <span class='ocrx_word' id='word_1_85' title='bbox 1295 2371 1330 2380; x_wconf 93' lang='lat'><em>-</em></span> 
     </span>
     <span class='ocr_line' id='line_1_15' title="bbox 243 2434 1328 2502; baseline 0.001 -16"><span class='ocrx_word' id='word_1_86' title='bbox 243 2437 389 2487; x_wconf 87' lang='lat' dir='ltr'>lneertioris</span> <span class='ocrx_word' id='word_1_87' title='bbox 408 2437 548 2487; x_wconf 86' lang='lat' dir='ltr'>sententiae</span> <span class='ocrx_word' id='word_1_88' title='bbox 568 2435 721 2502; x_wconf 80' lang='lat' dir='ltr'>Fragmenta</span> <span class='ocrx_word' id='word_1_89' title='bbox 742 2435 868 2498; x_wconf 82' lang='lat' dir='ltr'>quaedem</span> <span class='ocrx_word' id='word_1_90' title='bbox 887 2435 920 2485; x_wconf 87' lang='lat' dir='ltr'>ad</span> <span class='ocrx_word' id='word_1_91' title='bbox 943 2434 1082 2486; x_wconf 90' lang='lat' dir='ltr'>Sertorium</span> <span class='ocrx_word' id='word_1_92' title='bbox 1107 2435 1264 2501; x_wconf 78' lang='lat' dir='ltr'>spectantia.</span> <span class='ocrx_word' id='word_1_93' title='bbox 1287 2437 1328 2487; x_wconf 74' lang='lat' dir='ltr'>l&#39;r.</span> 
     </span>
    </p>
   </div>
   <div class='ocr_carea' id='block_1_8' title="bbox 246 2525 855 2700">
    <p class='ocr_par' dir='ltr' id='par_1_8' title="bbox 246 2525 855 2700">
     <span class='ocr_line' id='line_1_16' title="bbox 246 2525 786 2594; baseline -0.006 -16"><span class='ocrx_word' id='word_1_94' title='bbox 246 2527 364 2582; x_wconf 78' lang='lat' dir='ltr'>itt-37.</span> <span class='ocrx_word' id='word_1_95' title='bbox 385 2525 466 2594; x_wconf 82' lang='lat' dir='ltr'>[Auni</span> <span class='ocrx_word' id='word_1_96' title='bbox 485 2527 605 2580; x_wconf 79' lang='lat'><strong>77-75.</strong></span> <span class='ocrx_word' id='word_1_97' title='bbox 626 2541 650 2580; x_wconf 84' lang='lat' dir='ltr'>a.</span> <span class='ocrx_word' id='word_1_98' title='bbox 670 2525 729 2578; x_wconf 81' lang='lat' dir='ltr'>cnr.</span> <span class='ocrx_word' id='word_1_99' title='bbox 748 2525 786 2594; x_wconf 90' lang='lat' dir='ltr'>n.]</span> 
     </span>
     <span class='ocr_line' id='line_1_17' title="bbox 721 2646 855 2700; baseline 0.015 -4"><span class='ocrx_word' id='word_1_100' title='bbox 721 2646 788 2698; x_wconf 70' lang='lat' dir='ltr'>Cer.</span> <span class='ocrx_word' id='word_1_101' title='bbox 809 2650 855 2700; x_wconf 89' lang='lat' dir='ltr'>lli.</span> 
     </span>
    </p>
   </div>
   <div class='ocr_carea' id='block_1_9' title="bbox 241 2719 1326 2910">
    <p class='ocr_par' dir='ltr' id='par_1_9' title="bbox 241 2719 1326 2910">
     <span class='ocr_line' id='line_1_18' title="bbox 309 2719 1326 2822; baseline 0.007 -23"><span class='ocrx_word' id='word_1_102' title='bbox 309 2748 410 2799; x_wconf 88' lang='lat' dir='ltr'>Bellum</span> <span class='ocrx_word' id='word_1_103' title='bbox 427 2757 515 2800; x_wconf 85' lang='lat' dir='ltr'>eontra</span> <span class='ocrx_word' id='word_1_104' title='bbox 533 2751 631 2815; x_wconf 88' lang='lat' dir='ltr'>piratas</span> <span class='ocrx_word' id='word_1_105' title='bbox 649 2751 676 2800; x_wconf 92' lang='lat' dir='ltr'>in</span> <span class='ocrx_word' id='word_1_106' title='bbox 687 2750 786 2801; x_wconf 81' lang='lat' dir='ltr'>Pisidia</span> <span class='ocrx_word' id='word_1_107' title='bbox 802 2759 826 2802; x_wconf 88' lang='lat' dir='ltr'>et</span> <span class='ocrx_word' id='word_1_108' title='bbox 841 2751 995 2820; x_wconf 76' lang='lat' dir='ltr'>Pamphylia</span> <span class='ocrx_word' id='word_1_109' title='bbox 1013 2767 1029 2801; x_wconf 87' lang='lat' dir='ltr'>a</span> <span class='ocrx_word' id='word_1_110' title='bbox 1044 2753 1071 2802; x_wconf 87' lang='lat' dir='ltr'>P.</span> <span class='ocrx_word' id='word_1_111' title='bbox 1087 2719 1202 2804; x_wconf 21' lang='lat' dir='ltr'>Servilio*</span> <span class='ocrx_word' id='word_1_112' title='bbox 1216 2761 1326 2822; x_wconf 87' lang='lat' dir='ltr'>gestum.</span> 
     </span>
     <span class='ocr_line' id='line_1_19' title="bbox 241 2837 847 2910; baseline 0.003 -20"><span class='ocrx_word' id='word_1_113' title='bbox 241 2841 283 2892; x_wconf 83' lang='lat' dir='ltr'>Fr.</span> <span class='ocrx_word' id='word_1_114' title='bbox 303 2837 424 2892; x_wconf 75' lang='lat' dir='ltr'>tte—40.</span> <span class='ocrx_word' id='word_1_115' title='bbox 445 2837 526 2904; x_wconf 79' lang='lat' dir='ltr'>[neni</span> <span class='ocrx_word' id='word_1_116' title='bbox 542 2838 665 2896; x_wconf 71' lang='lat' dir='ltr'>itt-75.</span> <span class='ocrx_word' id='word_1_117' title='bbox 685 2856 709 2895; x_wconf 88' lang='lat' dir='ltr'>a.</span> <span class='ocrx_word' id='word_1_118' title='bbox 730 2842 789 2894; x_wconf 79' lang='lat' dir='ltr'>cnr.</span> <span class='ocrx_word' id='word_1_119' title='bbox 809 2843 847 2910; x_wconf 90' lang='lat' dir='ltr'>n.]</span> 
     </span>
    </p>
   </div>
   <div class='ocr_carea' id='block_1_10' title="bbox 700 2962 850 3036">
    <p class='ocr_par' dir='ltr' id='par_1_10' title="bbox 700 2962 850 3036">
     <span class='ocr_line' id='line_1_20' title="bbox 700 2962 850 3036; baseline -0.013 -20"><span class='ocrx_word' id='word_1_120' title='bbox 700 3013 703 3016; x_wconf 87' lang='lat'>.</span> <span class='ocrx_word' id='word_1_121' title='bbox 723 2962 789 3016; x_wconf 76' lang='lat' dir='ltr'>Gne.</span> <span class='ocrx_word' id='word_1_122' title='bbox 807 2965 850 3036; x_wconf 65' lang='lat' dir='ltr'>lv.</span> 
     </span>
    </p>
   </div>
   <div class='ocr_carea' id='block_1_11' title="bbox 242 3060 1328 3228">
    <p class='ocr_par' dir='ltr' id='par_1_11' title="bbox 242 3060 1328 3228">
     <span class='ocr_line' id='line_1_21' title="bbox 311 3060 1328 3140; baseline 0.013 -26"><span class='ocrx_word' id='word_1_123' title='bbox 311 3060 411 3114; x_wconf 90' lang='lat' dir='ltr'>Bellum</span> <span class='ocrx_word' id='word_1_124' title='bbox 431 3065 519 3113; x_wconf 84' lang='lat' dir='ltr'>eontra</span> <span class='ocrx_word' id='word_1_125' title='bbox 536 3060 689 3117; x_wconf 84' lang='lat' dir='ltr'>Maoedouas</span> <span class='ocrx_word' id='word_1_126' title='bbox 706 3075 731 3118; x_wconf 89' lang='lat' dir='ltr'>et</span> <span class='ocrx_word' id='word_1_127' title='bbox 748 3069 883 3122; x_wconf 86' lang='lat' dir='ltr'>Dardanos</span> <span class='ocrx_word' id='word_1_128' title='bbox 901 3085 916 3118; x_wconf 87' lang='lat' dir='ltr'>a</span> <span class='ocrx_word' id='word_1_129' title='bbox 938 3067 965 3119; x_wconf 86' lang='lat' dir='ltr'>G.</span> <span class='ocrx_word' id='word_1_130' title='bbox 986 3067 1069 3118; x_wconf 88' lang='lat' dir='ltr'>Sorib.</span> <span class='ocrx_word' id='word_1_131' title='bbox 1090 3068 1200 3124; x_wconf 82' lang='lat' dir='ltr'>Curione</span> <span class='ocrx_word' id='word_1_132' title='bbox 1217 3081 1328 3140; x_wconf 84' lang='lat' dir='ltr'>gestum.</span> 
     </span>
     <span class='ocr_line' id='line_1_22' title="bbox 242 3150 857 3228; baseline 0.013 -24"><span class='ocrx_word' id='word_1_133' title='bbox 242 3154 284 3205; x_wconf 82' lang='lat' dir='ltr'>Fr.</span> <span class='ocrx_word' id='word_1_134' title='bbox 303 3150 428 3202; x_wconf 84' lang='grc'><strong>41-43,</strong></span> <span class='ocrx_word' id='word_1_135' title='bbox 455 3151 534 3218; x_wconf 84' lang='lat' dir='ltr'>[Anui</span> <span class='ocrx_word' id='word_1_136' title='bbox 551 3153 673 3212; x_wconf 74' lang='lat' dir='ltr'>ro-—ta</span> <span class='ocrx_word' id='word_1_137' title='bbox 692 3175 715 3212; x_wconf 89' lang='lat' dir='ltr'>a.</span> <span class='ocrx_word' id='word_1_138' title='bbox 736 3161 796 3216; x_wconf 82' lang='lat' dir='ltr'>Ghr.</span> <span class='ocrx_word' id='word_1_139' title='bbox 816 3160 857 3228; x_wconf 85' lang='lat' dir='ltr'>m]</span> 
     </span>
    </p>
   </div>
   <div class='ocr_carea' id='block_1_12' title="bbox 724 3280 843 3333">
    <p class='ocr_par' dir='ltr' id='par_1_12' title="bbox 724 3280 843 3333">
     <span class='ocr_line' id='line_1_23' title="bbox 724 3280 843 3333; baseline 0 -1"><span class='ocrx_word' id='word_1_140' title='bbox 724 3280 790 3333; x_wconf 75' lang='lat' dir='ltr'>cnr.</span> <span class='ocrx_word' id='word_1_141' title='bbox 810 3283 843 3332; x_wconf 88' lang='lat' dir='ltr'>V.</span> 
     </span>
    </p>
   </div>
   <div class='ocr_carea' id='block_1_13' title="bbox 240 3365 1332 3638">
    <p class='ocr_par' dir='ltr' id='par_1_13' title="bbox 240 3365 1332 3638">
     <span class='ocr_line' id='line_1_24' title="bbox 309 3365 1332 3452; baseline 0.011 -23"><span class='ocrx_word' id='word_1_142' title='bbox 309 3377 361 3430; x_wconf 84' lang='lat' dir='ltr'>iles</span> <span class='ocrx_word' id='word_1_143' title='bbox 374 3379 497 3430; x_wconf 86' lang='lat' dir='ltr'>urbanae.</span> <span class='ocrx_word' id='word_1_144' title='bbox 517 3408 552 3418; x_wconf 93' lang='lat'><em>-</em></span> <span class='ocrx_word' id='word_1_145' title='bbox 569 3375 753 3436; x_wconf 66' lang='lat' dir='ltr'>¹contentiones</span> <span class='ocrx_word' id='word_1_146' title='bbox 773 3365 806 3436; x_wconf 80' lang='lat' dir='ltr'>de</span> <span class='ocrx_word' id='word_1_147' title='bbox 827 3387 986 3438; x_wconf 84' lang='lat' dir='ltr'>restituenda</span> <span class='ocrx_word' id='word_1_148' title='bbox 1002 3394 1127 3452; x_wconf 86' lang='lat' dir='ltr'>potestate</span> <span class='ocrx_word' id='word_1_149' title='bbox 1143 3387 1332 3444; x_wconf 81' lang='lat' dir='ltr'>tribunicia.—</span> 
     </span>
     <span class='ocr_line' id='line_1_25' title="bbox 240 3471 1330 3544; baseline 0.013 -24"><span class='ocrx_word' id='word_1_150' title='bbox 240 3471 365 3522; x_wconf 80' lang='lat' dir='ltr'>Anuonae</span> <span class='ocrx_word' id='word_1_151' title='bbox 389 3473 497 3536; x_wconf 79' lang='lat' dir='ltr'>caritas,</span> <span class='ocrx_word' id='word_1_152' title='bbox 523 3491 604 3540; x_wconf 87' lang='lat' dir='ltr'>eaque</span> <span class='ocrx_word' id='word_1_153' title='bbox 625 3484 695 3527; x_wconf 86' lang='lat' dir='ltr'>ortus</span> <span class='ocrx_word' id='word_1_154' title='bbox 719 3477 804 3544; x_wconf 86' lang='lat' dir='ltr'>plebis</span> <span class='ocrx_word' id='word_1_155' title='bbox 827 3478 959 3530; x_wconf 89' lang='lat' dir='ltr'>tumultus.</span> <span class='ocrx_word' id='word_1_156' title='bbox 991 3504 1026 3512; x_wconf 89' lang='lat'><em>-</em></span> <span class='ocrx_word' id='word_1_157' title='bbox 1049 3476 1076 3527; x_wconf 84' lang='lat' dir='ltr'>G.</span> <span class='ocrx_word' id='word_1_158' title='bbox 1103 3477 1192 3528; x_wconf 82' lang='lat' dir='ltr'>Cottae</span> <span class='ocrx_word' id='word_1_159' title='bbox 1216 3482 1330 3534; x_wconf 78' lang='lat' dir='ltr'>consulis</span> 
     </span>
     <span class='ocr_line' id='line_1_26' title="bbox 241 3555 1276 3638; baseline 0.006 -25"><span class='ocrx_word' id='word_1_160' title='bbox 241 3564 333 3620; x_wconf 88' lang='lat' dir='ltr'>oratio.</span> <span class='ocrx_word' id='word_1_161' title='bbox 351 3564 499 3615; x_wconf 86' lang='lat' dir='ltr'>—Terrae</span> <span class='ocrx_word' id='word_1_162' title='bbox 518 3574 610 3620; x_wconf 88' lang='lat' dir='ltr'>motus.</span> <span class='ocrx_word' id='word_1_163' title='bbox 630 3595 666 3604; x_wconf 86' lang='lat'><em>-</em></span> <span class='ocrx_word' id='word_1_164' title='bbox 684 3568 724 3618; x_wconf 80' lang='lat' dir='ltr'>Fr.</span> <span class='ocrx_word' id='word_1_165' title='bbox 744 3555 865 3621; x_wconf 55' lang='lat'>44452.</span> <span class='ocrx_word' id='word_1_166' title='bbox 889 3569 968 3638; x_wconf 79' lang='lat' dir='ltr'>[Anni</span> <span class='ocrx_word' id='word_1_167' title='bbox 984 3569 1027 3620; x_wconf 79' lang='lat' dir='ltr'>to.</span> <span class='ocrx_word' id='word_1_168' title='bbox 1048 3569 1091 3620; x_wconf 77' lang='lat' dir='ltr'>to.</span> <span class='ocrx_word' id='word_1_169' title='bbox 1110 3585 1136 3622; x_wconf 81' lang='lat' dir='ltr'>a.</span> <span class='ocrx_word' id='word_1_170' title='bbox 1157 3569 1216 3620; x_wconf 86' lang='lat' dir='ltr'>Chr.</span> <span class='ocrx_word' id='word_1_171' title='bbox 1238 3571 1276 3638; x_wconf 84' lang='lat' dir='ltr'>n‚]</span> 
     </span>
    </p>
   </div>
   <div class='ocr_carea' id='block_1_14' title="bbox 719 3687 852 3744">
    <p class='ocr_par' dir='ltr' id='par_1_14' title="bbox 719 3687 852 3744">
     <span class='ocr_line' id='line_1_27' title="bbox 719 3687 852 3744; baseline 0.03 -5"><span class='ocrx_word' id='word_1_172' title='bbox 719 3687 786 3741; x_wconf 74' lang='lat' dir='ltr'>cnr.</span> <span class='ocrx_word' id='word_1_173' title='bbox 808 3691 852 3744; x_wconf 92' lang='lat' dir='ltr'>Vl.</span> 
     </span>
    </p>
   </div>
   <div class='ocr_carea' id='block_1_15' title="bbox 309 3785 1330 3860">
    <p class='ocr_par' dir='ltr' id='par_1_15' title="bbox 309 3785 1330 3860">
     <span class='ocr_line' id='line_1_28' title="bbox 309 3785 1330 3860; baseline 0.011 -25"><span class='ocrx_word' id='word_1_174' title='bbox 309 3785 409 3837; x_wconf 89' lang='lat' dir='ltr'>Bellum</span> <span class='ocrx_word' id='word_1_175' title='bbox 427 3785 627 3841; x_wconf 75' lang='lat' dir='ltr'>Mithridaticum</span> <span class='ocrx_word' id='word_1_176' title='bbox 646 3793 757 3843; x_wconf 86' lang='lat' dir='ltr'>tertium.</span> <span class='ocrx_word' id='word_1_177' title='bbox 776 3794 864 3844; x_wconf 90' lang='lat' dir='ltr'>—De</span> <span class='ocrx_word' id='word_1_178' title='bbox 883 3793 1039 3845; x_wconf 87' lang='lat' dir='ltr'>Mithridatis</span> <span class='ocrx_word' id='word_1_179' title='bbox 1058 3808 1155 3860; x_wconf 81' lang='lat' dir='ltr'>genere</span> <span class='ocrx_word' id='word_1_180' title='bbox 1179 3801 1203 3844; x_wconf 88' lang='lat' dir='ltr'>et</span> <span class='ocrx_word' id='word_1_181' title='bbox 1226 3795 1330 3846; x_wconf 88' lang='lat' dir='ltr'>maiori-</span> 
     </span>
    </p>
   </div>
   <div class='ocr_carea' id='block_1_16' title="bbox 242 3873 1333 3952">
    <p class='ocr_par' dir='ltr' id='par_1_16' title="bbox 242 3873 1333 3952">
     <span class='ocr_line' id='line_1_29' title="bbox 242 3873 1333 3952; baseline 0.009 -26"><span class='ocrx_word' id='word_1_182' title='bbox 242 3873 302 3939; x_wconf 88' lang='lat' dir='ltr'>bus,</span> <span class='ocrx_word' id='word_1_183' title='bbox 328 3883 381 3928; x_wconf 93' lang='lat' dir='ltr'>tum</span> <span class='ocrx_word' id='word_1_184' title='bbox 400 3893 449 3944; x_wconf 86' lang='lat' dir='ltr'>quo</span> <span class='ocrx_word' id='word_1_185' title='bbox 475 3881 578 3948; x_wconf 87' lang='lat' dir='ltr'>ingenio</span> <span class='ocrx_word' id='word_1_186' title='bbox 601 3899 630 3934; x_wconf 87' lang='lat' dir='ltr'>ae</span> <span class='ocrx_word' id='word_1_187' title='bbox 652 3886 767 3936; x_wconf 85' lang='lat' dir='ltr'>moribus</span> <span class='ocrx_word' id='word_1_188' title='bbox 788 3885 879 3947; x_wconf 88' lang='lat' dir='ltr'>luerit,</span> <span class='ocrx_word' id='word_1_189' title='bbox 900 3887 1045 3952; x_wconf 82' lang='lat' dir='ltr'>exponitur.</span> <span class='ocrx_word' id='word_1_190' title='bbox 1065 3912 1101 3920; x_wconf 98' lang='lat'>-</span> <span class='ocrx_word' id='word_1_191' title='bbox 1123 3885 1189 3934; x_wconf 86' lang='lat' dir='ltr'>Belli</span> <span class='ocrx_word' id='word_1_192' title='bbox 1212 3885 1285 3936; x_wconf 90' lang='lat' dir='ltr'>initia</span> <span class='ocrx_word' id='word_1_193' title='bbox 1308 3889 1333 3936; x_wconf 80' lang='lat' dir='ltr'>et</span> 
     </span>
    </p>
   </div>
   <div class='ocr_carea' id='block_1_17' title="bbox 236 3969 1329 4128">
    <p class='ocr_par' dir='ltr' id='par_1_17' title="bbox 236 3969 1329 4128">
     <span class='ocr_line' id='line_1_30' title="bbox 241 3969 1329 4042; baseline 0.013 -25"><span class='ocrx_word' id='word_1_194' title='bbox 241 3969 380 4023; x_wconf 84' lang='lat' dir='ltr'>adiutores.</span> <span class='ocrx_word' id='word_1_195' title='bbox 397 3997 432 4006; x_wconf 93' lang='lat'><em>—</em></span> <span class='ocrx_word' id='word_1_196' title='bbox 450 3971 484 4024; x_wconf 87' lang='lat' dir='ltr'>M.</span> <span class='ocrx_word' id='word_1_197' title='bbox 496 3973 587 4037; x_wconf 60' lang='lat' dir='ltr'>§ottae</span> <span class='ocrx_word' id='word_1_198' title='bbox 605 3975 692 4026; x_wconf 85' lang='lat' dir='ltr'>eludes</span> <span class='ocrx_word' id='word_1_199' title='bbox 709 3977 742 4028; x_wconf 83' lang='lat' dir='ltr'>ad</span> <span class='ocrx_word' id='word_1_200' title='bbox 761 3977 957 4032; x_wconf 85' lang='lat' dir='ltr'>Ghaloedonem.</span> <span class='ocrx_word' id='word_1_201' title='bbox 973 3978 1015 4031; x_wconf 85' lang='lat' dir='ltr'>Fr.</span> <span class='ocrx_word' id='word_1_202' title='bbox 1031 3975 1153 4030; x_wconf 76' lang='lat'>53-61.</span> <span class='ocrx_word' id='word_1_203' title='bbox 1171 3973 1272 4042; x_wconf 80' lang='lat' dir='ltr'>[Annus</span> <span class='ocrx_word' id='word_1_204' title='bbox 1286 3978 1329 4031; x_wconf 80' lang='lat' dir='ltr'>tt.</span> 
     </span>
     <span class='ocr_line' id='line_1_31' title="bbox 236 4059 400 4128; baseline -0.012 -16"><span class='ocrx_word' id='word_1_205' title='bbox 236 4077 261 4112; x_wconf 84' lang='lat' dir='ltr'>e.</span> <span class='ocrx_word' id='word_1_206' title='bbox 280 4059 339 4112; x_wconf 83' lang='lat' dir='ltr'>chr.</span> <span class='ocrx_word' id='word_1_207' title='bbox 359 4059 400 4128; x_wconf 86' lang='lat' dir='ltr'>n‚]</span> 
     </span>
    </p>
   </div>
   <div class='ocr_carea' id='block_1_18' title="bbox 706 4189 850 4243">
    <p class='ocr_par' dir='ltr' id='par_1_18' title="bbox 706 4189 850 4243">
     <span class='ocr_line' id='line_1_32' title="bbox 706 4189 850 4243; baseline 0.007 -1"><span class='ocrx_word' id='word_1_208' title='bbox 706 4189 774 4242; x_wconf 79' lang='lat' dir='ltr'>Gar.</span> <span class='ocrx_word' id='word_1_209' title='bbox 793 4193 850 4243; x_wconf 85' lang='lat' dir='ltr'>Vll.</span> 
     </span>
    </p>
   </div>
   <div class='ocr_carea' id='block_1_19' title="bbox 301 4288 1326 4364">
    <p class='ocr_par' dir='ltr' id='par_1_19' title="bbox 301 4288 1326 4364">
     <span class='ocr_line' id='line_1_33' title="bbox 301 4288 1326 4364; baseline 0.007 -26"><span class='ocrx_word' id='word_1_210' title='bbox 301 4288 453 4358; x_wconf 74' lang='lat' dir='ltr'>Fragmenta</span> <span class='ocrx_word' id='word_1_211' title='bbox 483 4291 626 4346; x_wconf 85' lang='lat' dir='ltr'>iuoertioris</span> <span class='ocrx_word' id='word_1_212' title='bbox 655 4295 837 4361; x_wconf 78' lang='lat' dir='ltr'>explicationis</span> <span class='ocrx_word' id='word_1_213' title='bbox 866 4297 1008 4363; x_wconf 81' lang='lat' dir='ltr'>spectantia</span> <span class='ocrx_word' id='word_1_214' title='bbox 1028 4295 1073 4348; x_wconf 39' lang='lat' dir='ltr'>*ad</span> <span class='ocrx_word' id='word_1_215' title='bbox 1096 4297 1262 4364; x_wconf 88' lang='lat' dir='ltr'>Pompeium,</span> <span class='ocrx_word' id='word_1_216' title='bbox 1292 4291 1326 4346; x_wconf 85' lang='lat' dir='ltr'>ad</span> 
     </span>
    </p>
   </div>
   <div class='ocr_carea' id='block_1_20' title="bbox 0 0 1554 4970">
    <p class='ocr_par' dir='ltr' id='par_1_20' title="bbox 0 0 1554 4970">
     <span class='ocr_line' id='line_1_34' title="bbox 0 0 1554 4970; baseline 0 0"><span class='ocrx_word' id='word_1_217' title='bbox 0 0 1554 4970; x_wconf 95' lang='lat' dir='ltr'> </span> 
     </span>
    </p>
   </div>
  </div>
 </body>
</html>
