3062 4958
201 385 263 454 eso
482 473 485 480 ,
563 391 925 477 c.smcusrrcmsr1

201 602 298 673 quam
318 601 433 650 omues
453 579 509 648 alii*
536 579 635 650 creati
658 603 720 670 pro
747 581 817 650 iure
841 584 957 652 vostro
980 579 1046 648 vim
1074 583 1222 648 cunctam
1255 582 1287 647 el

200 705 336 796 imperia
357 726 418 774 sua
437 704 545 796 gralia
564 707 622 773 aut
645 727 705 794 spe
732 708 789 774 aul
814 705 969 796 praemiis
989 705 1022 775 in
1041 727 1104 774 vos
1136 726 1284 774 convor-

199 835 285 914 tere,
318 829 501 921 meliusque
529 821 649 900 habeut
675 819 825 899 mercede
852 820 1043 924 delinquere
1072 819 1172 920 quam*
1201 850 1285 920 gra-

200 955 242 1024 us
271 958 359 1024 recte
386 955 504 1024 iacere.
559 955 672 1046 ltaque
694 975 809 1024 omnes
835 975 1032 1026 concessere
1056 951 1120 1025 iam
1144 953 1178 1020 in
1197 962 1315 1042 pau-6

201 1068 315 1150 corum
343 1077 611 1162 dominationem,
638 1078 694 1171 qui
720 1102 780 1170 per
806 1079 944 1150 militare
971 1100 1089 1150 nomen
1110 1077 1282 1162 aerenum,

193 1203 395 1290 exercitus„
417 1225 537 1296 regna,
565 1203 755 1295 provincias
781 1225 1005 1296 occupavere,
1031 1209 1064 1272 et
1077 1215 1194 1273 'arcem
1220 1201 1284 1272 ha-

202 1327 279 1398 bent
311 1349 354 1397 cx
388 1327 504 1419 spoliis
537 1331 678 1414 vostris,
713 1351 814 1422 quum
845 1328 972 1400 interim
1002 1351 1094 1402 more
1128 1349 1283 1420 pecorum

200 1573 260 1626 sine
273 1569 414 1637 mercede,
428 1571 486 1624 sure
504 1563 660 1642 commodo,
677 1587 732 1642 quo
749 1586 836 1626 sensu
848 1567 927 1626 Catil.
940 1586 964 1626 c.
979 1568 1053 1636 XVI,
1069 1574 1096 1630 3.
1113 1568 1231 1641 pratur‘ta
1247 1569 1285 1621 le·

203 1657 291 1728 gitur,
309 1654 356 1709 ubi
373 1671 401 1708 v.
418 1661 511 1708 annot.
919 1686 927 1730 1

289 1743 316 1803 s.
331 1741 359 1798 6.
374 1752 535 1794 concessere
549 1741 577 1793 in
588 1768 630 1778 -
643 1738 864 1807 dominationem)
879 1738 920 1794 De
935 1738 989 1794 hac
1006 1739 1127 1794 dictione
1144 1753 1171 1791 v.
1188 1736 1225 1792 ad
1239 1737 1283 1792 Fr.
1356 1741 1362 1751 ·

203 1825 229 1893 Ι,
248 1829 289 1882 11.
305 1852 346 1861 -
361 1821 419 1876 Per
433 1824 550 1893 militare
568 1839 667 1878 nomen
681 1841 737 1878 non
757 1822 909 1894 significat,
926 1830 955 1878 ιιι
973 1825 1107 1880 Wassius
1126 1823 1200 1890 vult,
1221 1825 1284 1892 quia

204 1910 371 1964 dicuntur
385 1908 584 1978 imperatorem
603 1907 655 1964 sed
673 1925 757 1980 quum
774 1923 873 1963 nomen
892 1925 978 1980 saepe
994 1911 1037 1964 rei
1051 1910 1106 1981 ipsi
1124 1906 1283 1978 oppositum

202 1995 304 2066 speciei
318 1992 376 2046 vim
390 1993 518 2064 accipiat,
535 2009 637 2050 sensus
653 1995 804 2050 verborum
820 2000 863 2049 est
877 1994 998 2064 mititiam
1013 1994 1074 2049 sive
1090 1993 1187 2048 bellurn
1194 2005 1280 2063 prae-

204 2078 354 2147 tendentes,
377 2079 439 2146 vel,
467 2084 495 2131 ut
521 2075 630 2134 Curtius
660 2095 715 2134 non
741 2079 813 2134 male
838 2078 1048 2149 interpretatur,
1070 2093 1101 2134 eo
1124 2082 1285 2149 praetextu,

203 2163 277 2236 quod
290 2163 386 2218 bellum
404 2170 520 2234 peretur
541 2170 638 2221 cantra
654 2163 744 2220 hostes
764 2163 939 2236 respublicae.
970 2163 1097 2218 Eandem
1118 2161 1284 2217 sententiam

204 2247 370 2316 Sallustius,
386 2247 438 2304 sed
454 2254 484 2303 ιιι
499 2265 594 2316 suam,
616 2249 731 2320 protulit
750 2249 810 2321 lug.
832 2266 856 2304 c.
878 2247 955 2316 XLI,
977 2249 1003 2304 7.
1034 2247 1192 2304 Paucorum
1209 2244 1284 2300 arbi-

204 2337 255 2388 trr'o
270 2333 332 2388 teta
345 2333 469 2404 domique
483 2333 631 2404 aqebatur;
643 2348 732 2405 penes
744 2335 851 2389 eosdem
865 2323 1022 2400 cerarium,
1033 2333 1209 2404 provinciae,
1225 2347 1284 2384 ma-

202 2421 348 2491 pr'straius,
362 2419 468 2490 pieriae
482 2417 664 2489 triumphique
678 2425 767 2474 erant.
785 2446 827 2458 -
840 2419 941 2474 Arcem
954 2416 1057 2472 nabau
1075 2432 1113 2474 erc
1129 2415 1223 2488 spoliis
1240 2431 1285 2470 no-

204 2505 283 2572 strr's,
299 2503 318 2556 i.
335 2519 360 2556 e.
374 2501 485 2556 firmum
501 2503 642 2573 potentiae
658 2519 726 2558 suae
740 2500 915 2573 praesidium
933 2502 1038 2558 hebent
1052 2503 1087 2558 iis
1103 2502 1173 2573 ipsis
1192 2503 1285 2565 rebus,

206 2586 370 2660 quasvobis
387 2586 755 2658 eripuerunt—Multitudo
770 2604 854 2658 quum
869 2587 1008 2659 appositio
1024 2589 1058 2646 sit
1074 2585 1201 2655 subiecti,
1210 2583 1287 2656 quod

206 2673 293 2728 verbo
309 2671 452 2743 praebetis
475 2673 647 2741 continetur,
669 2673 778 2744 plenior
799 2670 888 2729 oratio
911 2673 951 2728 sic
973 2673 1125 2729 sehabet:
1149 2687 1217 2744 vos,
1238 2669 1285 2742 qui

205 2756 372 2812 multitudine
390 2756 450 2812 sive
463 2772 579 2812 numero
592 2758 758 2829 praestatis,
774 2756 921 2815 habendos
936 2757 1126 2828 fruendosque
1141 2773 1193 2811 vos
1204 2771 1286 2827 prae·

206 2841 277 2898 betis
290 2842 412 2913 sinqulr's.
437 2871 475 2883 -
493 2841 642 2898 Habendos
656 2842 796 2910 invidiose
814 2841 917 2898 dictum
939 2842 1079 2915 significat
1095 2841 1221 2913 plebeios
1237 2855 1286 2893 no·

118 2933 119 2936 ’
206 2927 301 3004 bililati
321 2944 351 2982 se
368 2927 394 2980 in
414 2928 576 2984 servitutem
592 2928 702 2985 tradere
725 2929 807 3001 quasi
826 2943 902 3001 rem,
924 2945 994 3000 quae
1016 2930 1050 2984 ab
1067 2928 1122 2982 illis
1136 2923 1286 2996 possidea-

207 3019 261 3068 tur.
275 3042 318 3054 —-
331 3013 426 3069 Verba
435 3016 496 3078 ¹nisi
506 3016 571 3086 quia
586 3014 713 3071 nababmet
725 3016 793 3088 ipn's
808 3043 852 3052 -
872 3014 994 3069 dominos
1007 3013 1147 3068 destinatas
1162 3012 1200 3066 ile
1224 3025 1287 3082 spe-

207 3104 282 3154 ctant
295 3096 332 3152 ad
346 3099 545 3169 praecedentia
559 3115 606 3156 ros
621 3099 761 3156 habendas
778 3098 967 3170 fruendosque
975 3097 1129 3170 praebetis,
1151 3102 1180 3151 ut
1199 3093 1288 3150 domi·

207 3199 305 3239 norum
332 3182 479 3240 destinatio
506 3185 567 3240 sola
589 3184 725 3242 eximatur
747 3199 783 3236 ex
809 3183 905 3238 servili
929 3182 1104 3250 obedientia;
1125 3181 1161 3258 ci.
1182 3179 1285 3236 Handii

207 3268 327 3323 Turseli.
339 3267 402 3323 Vol.
420 3269 468 3324 lV.
486 3285 513 3338 p.
529 3273 591 3326 235.
603 3273 629 3333 s.
646 3272 688 3327 17.
704 3268 752 3339 qui
766 3269 838 3322 hene
855 3267 893 3324 ita
908 3267 1056 3324 disseruit:
1072 3265 1142 3335 „His
1153 3263 1287 3336 loquendi

205 3353 332 3407 formulis
350 3355 418 3420 (nisi
435 3353 522 3424 quad,
541 3354 595 3406 nisi
614 3353 693 3424 quia)
711 3358 824 3407 utuntur
840 3353 930 3408 Latini
948 3351 985 3408 ad
1008 3349 1224 3424 significandam
1240 3367 1287 3404 ex·

132 3470 138 3480 -
207 3437 380 3507 ceptionem,
397 3435 511 3506 quaid,
526 3434 603 3507 quod
619 3443 701 3492 antea
716 3437 832 3502 dictum,
853 3454 910 3492 uon
929 3443 1015 3494 totum
1036 3437 1152 3510 tollitur,
1169 3434 1220 3490 sed
1235 3436 1286 3489 ali-

208 3519 276 3592 quid
290 3522 452 3591 apponitur,
468 3518 544 3591 quod
558 3520 719 3591 primariam
735 3517 898 3578 sententiam
915 3522 1007 3594 aliquo
1026 3519 1111 3578 modo
1128 3519 1288 3574 moderetur

208 3611 255 3659 aut
269 3606 426 3659 coerceatr‘
450 3602 519 3660 Cum
534 3621 641 3676 magna¹
652 3609 802 3663 acerbitate
818 3613 910 3662 autem
923 3608 1018 3664 Macer
1037 3623 1120 3678 quem
1137 3607 1229 3660 solum
1245 3621 1288 3658 re-

208 3691 311 3744 licuum
327 3687 394 3743 dicit
414 3689 548 3746 libertatis
565 3708 646 3747 usum
667 3693 695 3746 in
716 3691 848 3748 creandis
867 3691 1092 3764 magistratibus,
1107 3689 1228 3746 eundem
1245 3703 1289 3745 ar·

208 3773 268 3845 guil
284 3791 300 3828 a
314 3772 396 3844 plebe
412 3774 449 3829 ad
462 3775 606 3830 servitium
624 3794 705 3832 suum
725 3775 923 3838 stabiliendum
938 3777 1075 3831 converti.
1090 3805 1132 3814 -·
1157 3773 1289 3830 Vobismel

206 3860 275 3930 apsis
290 3865 422 3914 constans
438 3866 480 3916 est
494 3859 579 3915 codd.
595 3863 693 3933 lectio,
709 3878 792 3933 quam
808 3860 917 3926 Curtius
934 3878 969 3917 ex
984 3860 1030 3915 ed.
1052 3861 1152 3914 Venet.
1171 3857 1288 3929 mutavit

205 3945 237 3998 in
252 3942 379 3999 edumei
399 3946 461 4016 ἐρεῖ.
499 3945 530 4000 ld
552 3946 717 4005 Gerlachius
732 3947 796 4002 Vol.
816 3947 862 4002 ΙΙΙ.
876 3963 906 4019 p.
925 3950 970 4006 93.
989 3946 1071 4001 unice
1093 3960 1193 4002 verum
1212 3942 1287 4009 dicit,

209 4033 237 4080 ct
251 4033 344 4082 tamen
358 4030 494 4101 titubans,
515 4038 544 4087 ut
561 4033 647 4100 solet,
662 4032 691 4086 in
714 4031 760 4087 ed.
783 4033 850 4086 min.
873 4031 998 4088 dativum
1014 4031 1149 4101 reposuit.
1180 4029 1291 4084 Utrum

209 4129 263 4185 que
281 4112 328 4168 hic
356 4115 511 4172 commode*
529 4115 585 4170 dici
609 4121 717 4188 potest;
739 4133 811 4176 nam,
829 4117 852 4172 si
874 4119 931 4188 ipsi
956 4113 1074 4182 dicitur,
1099 4131 1200 4171 sensus
1229 4119 1287 4168 est:
1382 4139 1384 4144 ·

209 4198 332 4255 dominos
353 4199 426 4256 cebr's
449 4217 515 4257 nan
532 4202 598 4256 atii
618 4201 768 4268 destinant,
789 4201 839 4256 sed
856 4203 928 4274 ipsi
945 4201 997 4256 boc
1015 4200 1125 4273 facetis·
1146 4199 1174 4254 in
1196 4197 1290 4252 dativo

209 4300 278 4340 vero
294 4283 349 4340 hoc
365 4285 453 4341 inest:
474 4287 597 4340 dominos
610 4302 664 4339 non
685 4286 747 4340 aliis
762 4286 915 4355 destinatus,
937 4285 988 4340 sed
1001 4285 1074 4341 cobis
1092 4286 1168 4358 apsis.
1189 4282 1292 4352 Quare
