3096 4962
181 385 224 452 to
543 387 573 450 e.
596 387 769 482 sntuusn
792 387 913 465 oncri,
941 425 944 432 ,

183 581 280 652 amini
296 577 503 674 (praesertim
517 599 617 672 quum
627 577 673 650 illi
687 598 766 668 spes
775 574 882 648 omnis
896 575 929 646 in
942 575 1175 668 scelercatque
1187 595 1269 665 per·
1300 649 1302 653 ,

184 706 262 778 fidia
275 705 334 789 sit,
358 725 467 797 neque
485 727 524 778 se
545 697 639 780 aliter
653 705 759 778 tutum
770 705 880 794 putet,
904 723 1002 797 quam
1016 685 1044 774 sl
1061 699 1155 792 peior
1169 701 1269 791 atque

183 829 398 902 intestabilior
412 832 501 901 metu
515 833 633 901 vostro
649 829 757 915 suerit,
780 852 845 930 quo
864 828 968 924 captis
982 825 1141 898 libertatis
1155 847 1269 896 curam

183 956 314 1030 miseria
335 955 497 1046 eximat),
521 957 578 1027 aut
595 955 621 1028 si
641 953 869 1052 provideritis,
891 954 924 1026 in
947 951 1090 1026 vitandis
1111 947 1266 1046 periculis

182 1179 265 1236 qvam
285 1192 321 1202 -
339 1165 450 1218 miseria
470 1165 575 1220 eximat
596 1151 808 1236 in'parcnthesi
832 1163 907 1220 dicta
929 1163 967 1218 ad
989 1161 1189 1218 antecedentia
1210 1159 1274 1214 illu-

184 1246 301 1304 stranda
311 1249 451 1320 pertinent
459 1265 467 1317 ;
484 1250 584 1329 quibus
601 1267 673 1321 quae
686 1249 871 1304 subiiciuntur
881 1265 932 1319 per
943 1254 992 1304 aut
1002 1247 1169 1320 partientem
1184 1245 1283 1311 illata,¹
1313 1303 1315 1307 ,

183 1333 221 1388 ita
237 1334 395 1388 referuntur
411 1333 449 1389 ad
469 1335 616 1406 superiora
632 1336 694 1401 illa,
718 1340 781 1389 ante
797 1333 982 1406 parenthesin
998 1333 1108 1405 posita,
1133 1335 1162 1386 ut
1177 1329 1273 1388 verbis

175 1434 283 1491 param
299 1418 437 1474 credendo
458 1417 629 1490 respondeat
643 1423 670 1475 si
679 1419 874 1490 provideritis,
896 1418 934 1475 ad
954 1417 1207 1474 circumveniamini
1225 1431 1274 1469 au-

182 1495 236 1558 tem
256 1519 292 1558 ex
310 1501 397 1558 altero
414 1507 538 1560 membro
556 1506 704 1560 teneamini
715 1505 864 1576 pertineat.
897 1504 944 1561 Ad
966 1502 1167 1575 simpliciorem
1189 1491 1274 1572 igitur

181 1589 298 1644 formam
311 1588 426 1644 redacta
436 1589 584 1656 sententia,
601 1595 702 1646 ornatu
714 1589 850 1644 orationis
864 1589 999 1656 detracto,
1016 1588 1087 1654 haec
1100 1592 1143 1658 est
1153 1587 1274 1652 rtimeo,

179 1687 228 1740 ne,
253 1674 277 1728 si
300 1675 404 1728 incauti
427 1673 506 1745 sitis,
531 1672 703 1745 capiamini,
716 1679 777 1746 avt,
797 1676 824 1747 si
839 1675 920 1730 vobis
940 1674 1082 1741 caveatis,
1103 1669 1274 1728 invitandis

180 1755 266 1812 modo
280 1757 414 1831 periculis
434 1759 589 1813 teneamini.
620 1759 712 1827 Quare
728 1775 745 1813 a
760 1775 829 1815 vero
846 1760 987 1816 aberravit
1002 1757 1163 1828 Zumptius,
1182 1755 1229 1828 qui
1245 1756 1274 1810 in

179 1842 293 1898 Annali.
311 1841 381 1896 oritt.
397 1838 490 1898 Berol.
508 1861 534 1898 a.
551 1846 629 1902 1834.
647 1842 712 1897 Vol.
724 1843 758 1897 ΙΙ.
771 1844 823 1899 No.
835 1847 880 1904 39.
897 1861 926 1915 p.
941 1847 1004 1902 315.
1022 1847 1109 1897 totum
1121 1841 1220 1896 locuni
1236 1841 1275 1894 ita

180 1930 280 1982 censet
302 1927 573 1999 interpungendum,
598 1933 627 1984 ut
647 1929 825 1998 parenthesis
843 1931 927 2002 signo
950 1929 1061 1988 sublato
1078 1941 1189 1982 conrma
1210 1929 1276 1997 post

180 2013 286 2067 eximat
299 2018 420 2084 ponatur
436 2012 524 2081 (Gerl.
541 2012 615 2068 eninr
630 2011 785 2069 semicolon
796 2012 913 2090 babet),
930 2015 996 2086 quia
1011 2012 1159 2068 terreamini
1169 2013 1275 2082 pariter

181 2102 264 2169 atque
280 2098 385 2153 eeimm
398 2095 434 2152 ex
446 2113 499 2170 qao
512 2098 651 2171 particula
664 2097 804 2169 pendeat;
826 2100 931 2172 quippe
947 2099 1079 2172 opposita
1093 2112 1204 2152 esseae
1221 2095 1276 2152 sibi

180 2181 355 2253 respondere
370 2179 461 2239 verba¹
482 2183 613 2239 libertatis
630 2184 728 2239 euram
745 2186 851 2240 eximat
862 2192 891 2240 et
901 2184 1092 2258 provideritis.
1125 2181 1183 2236 Hac
1201 2185 1275 2236 stru·

181 2272 277 2324 cturae
299 2267 407 2323 ratione
430 2269 502 2324 inita.
521 2270 613 2325 locum
635 2270 676 2324 sic
697 2269 911 2342 interpretatur:
926 2271 991 2338 ¹llas
1015 2266 1107 2324 Elend
1131 2265 1184 2322 soll
1203 2263 1277 2320 eucb
1331 2263 1339 2267 ”

181 2352 234 2408 den
250 2351 401 2410 Gedanlren
413 2354 464 2409 der
478 2353 603 2410 Freibeit
615 2354 653 2424 (i.
673 2371 698 2408 e.
716 2355 766 2410 lrei
782 2355 898 2412 werden
915 2373 950 2410 zu
965 2353 1091 2422 wollen)
1107 2351 1276 2418 benehmen‚

180 2436 259 2508 oder,
278 2453 358 2494 menn
369 2437 414 2494 ibr
426 2438 497 2494 docb
511 2439 604 2494 daran
619 2438 711 2511 denkt,
725 2441 790 2510 sollt
801 2441 844 2496 ihr
860 2457 956 2512 genug
968 2455 1003 2494 zu
1017 2437 1087 2493 tbuu
1105 2437 1276 2492 bekommen
1361 2505 1364 2510 Ι
1384 2394 1397 2497 2⁵
1444 2479 1451 2490 .

160 2575 166 2586 ,
181 2523 227 2577 die
243 2521 374 2594 Angrifl‘c
393 2523 591 2582 abzuwehren.
606 2550 649 2560 -
682 2525 723 2580 De
739 2527 769 2580 vi
791 2526 993 2598 particularum
1007 2521 1176 2594 praesertim
1192 2535 1277 2590 qaum

180 2626 208 2662 v.
227 2607 264 2662 ad
281 2606 338 2662 Cat.
356 2626 381 2663 c.
397 2609 446 2677 LI,
463 2614 506 2670 19.
522 2627 551 2680 p·
567 2613 628 2670 ate.
648 2641 682 2649 —
719 2609 906 2666 Intestabilior
921 2607 990 2680 quid
1005 2606 1148 2678 significet
1163 2604 1276 2659 abunde
1296 2598 1299 2604 ’

181 2692 304 2748 diximus
322 2691 359 2748 ad
374 2694 434 2766 lug.
450 2711 475 2750 c.
491 2693 605 2764 LXVII,
620 2699 646 2754 3.
662 2713 691 2766 p.
705 2697 767 2754 367.
783 2727 826 2738 -
853 2691 931 2749 Metu
945 2696 1035 2748 vostro
1052 2691 1168 2747 ablativi
1183 2705 1276 2761 neque

180 2779 210 2833 vi
225 2777 400 2833 instrumenti
417 2778 578 2851 significant
587 2795 644 2852 per
661 2786 760 2835 metum
775 2796 814 2847 v.,
838 2793 929 2848 neque
943 2777 972 2834 vi
989 2791 1110 2834 caussae
1127 2774 1161 2832 cb
1177 2779 1277 2832 metam

181 2881 222 2932 v.,
240 2860 292 2918 sed
307 2879 344 2917 ex
359 2867 551 2935 comparativo
568 2863 725 2937 pendentes
740 2864 815 2920 hunc
831 2879 946 2919 sensum
962 2863 1083 2918 habent:
1103 2861 1128 2916 si
1142 2859 1223 2932 peior
1236 2861 1277 2917 lu-

182 2947 233 3002 erit
250 2963 333 3019 qvam
349 2962 396 3004 vos
413 2951 524 3015 timetis‚·
545 2951 675 3006 nimirum
698 2955 726 3005 ut
745 2949 846 3006 dicitur
862 2951 989 3022 opinione
1005 2948 1110 3014 maior,
1133 2961 1185 3018 spe
1206 2947 1275 3002 cele-

181 3035 250 3103 rior,
265 3031 293 3087 e't
309 3033 420 3102 similia,
433 3035 472 3090 ita
487 3034 638 3092 Sallustius
654 3035 723 3091 dixit
737 3040 810 3092 meta
818 3037 901 3106 peior
907 3057 917 3096 ‚·
932 3035 967 3089 cl.
984 3034 1105 3088 Gramm.
1123 3033 1171 3087 lat.
1187 3037 1275 3086 nostr.

182 3123 207 3185 S·
225 3122 291 3188 124,
311 3124 339 3178 Ι.
360 3121 387 3175 b.
404 3125 460 3176 not.
477 3125 503 3180 9.
527 3123 554 3177 b.
571 3137 600 3192 p.
617 3123 679 3178 327.
720 3119 779 3174 Hoc
800 3124 893 3173 autem
915 3118 975 3186 uult
995 3116 1137 3188 Lepidus,
1167 3114 1275 3173 Sullam

182 3221 237 3260 non
254 3210 341 3276 tutum
362 3222 393 3262 se
413 3198 527 3278 putate,
548 3206 604 3259 nisi
616 3204 767 3258 crudelitas
782 3205 841 3258 eivs
857 3205 977 3257 omnivm
992 3202 1178 3273 capitationem
1190 3215 1276 3256 exsu-

176 3293 260 3362 peret
270 3295 297 3345 et
308 3289 348 3344 ad
361 3289 496 3345 summam
517 3289 652 3361 nequitiae
660 3289 825 3358 pervemictr
846 3285 946 3340 eadem
966 3285 1104 3342 sententia
1121 3287 1194 3342 inira
1210 3284 1278 3340 dicit
1324 3339 1328 3344 ,
1433 3289 1436 3292 ’

85 3419 90 3424 .
169 3381 207 3440 ·§.
222 3379 249 3432 6.
263 3387 321 3445 per
338 3374 450 3428 sceleris
465 3372 659 3436 immanitatem
674 3370 766 3426 adbuc
782 3375 854 3428 rmus
869 3370 934 3442 fait.
965 3372 1000 3426 cl.
1017 3373 1062 3426 Fr.
1082 3371 1136 3440 111,
1158 3376 1207 3439 82,
1232 3375 1275 3430 13.

184 3457 277 3514 Omnis
288 3458 391 3512 iniuria
404 3457 538 3530 pravitate
549 3457 632 3510 tutior
644 3462 692 3511 est.
718 3457 779 3528 lug.
795 3455 895 3525 XXXI,
912 3459 955 3515 ld.
983 3455 1072 3524 Quam
1083 3457 1197 3528 parsque
1207 3468 1275 3526 pec-
1369 3459 1371 3462 '

181 3556 259 3600 same
271 3541 347 3613 fecit,
362 3547 418 3598 tam
429 3542 551 3597 maxime
565 3545 696 3598 tutasest.
709 3569 753 3582 --
778 3541 872 3615 Captis
888 3558 951 3596 cunr
970 3541 1074 3596 Orellio
1091 3546 1118 3593 et
1132 3541 1224 3597 Fabro
1240 3551 1276 3594 ex

182 3625 246 3682 Vat.
264 3631 289 3684 1.
301 3629 362 3683 eta.
377 3627 541 3699 scripsimus
554 3642 605 3696 pro
617 3627 740 3698 captivit,
754 3626 830 3697 quod
843 3629 928 3682 ceteri
941 3625 1054 3696 quidem
1066 3623 1150 3680 codd.
1165 3640 1285 3680 omnes·¹
1397 3644 1399 3648 ·

184 3727 238 3783 que
250 3709 388 3766 editiones
401 3716 505 3779 tenent,
523 3711 576 3767 sed
593 3727 679 3768 sensu
691 3727 827 3783 perquam
839 3711 1028 3766 incommodo.
1058 3710 1189 3780 Captivos
1200 3709 1274 3762 eninr

183 3813 240 3851 non
255 3796 309 3852 nisi
323 3797 437 3868 proprio
452 3812 538 3852 sensu
551 3799 575 3852 is
588 3795 699 3864 dicitur,
710 3797 762 3868 'qui
777 3797 918 3852 bellicosa
933 3797 962 3850 in
977 3795 1094 3853 victoris
1107 3797 1274 3864 potestatem

150 3947 153 3955 s
185 3881 263 3936 venit
274 3887 302 3937 et
312 3882 427 3938 macula
441 3880 533 3936 inditis
548 3883 712 3939 servitutem
727 3882 831 3952 patitur
839 3897 848 3949 ;
864 3882 1000 3938 translato
1014 3896 1082 3937 vero
1098 3893 1185 3934 sensu
1198 3893 1274 3945 eum,

185 3967 232 4038 qui
253 3969 356 4038 captivi
373 3968 490 4022 instar
506 3972 549 4022 est
570 3973 598 4021 et
618 3968 699 4040 quart
717 3966 874 4022 condicione
896 3967 999 4038 captivi
1011 3966 1111 4034 utitur,
1132 3977 1275 4036 nunquam

185 4050 342 4125 significat,
366 4051 441 4108 unde
459 4051 489 4107 fit
510 4057 540 4106 ut
559 4053 725 4125 captivitatis
745 4067 857 4123 quoque
873 4051 1042 4106 vocabulum
1065 4049 1198 4106 translate
1219 4065 1275 4104 non

185 4143 346 4209 usurpetur.
373 4135 475 4193 Contra
488 4141 587 4210 captus
601 4137 706 4211 pariter
722 4140 751 4192 ut
766 4137 929 4194 universum
945 4149 1048 4208 capere
1059 4136 1176 4196 verbum
1191 4134 1275 4190 etiam

116 4248 118 4252 ν
186 4221 221 4276 de
233 4239 267 4278 eo
280 4221 389 4292 dicitur,
407 4223 453 4295 qui
466 4221 533 4278 dolo
547 4227 595 4279 aut
610 4223 718 4279 scelere
732 4222 854 4278 irretitus
866 4226 894 4276 et
905 4233 1059 4292 oppressus
1073 4225 1133 4288 est;
1150 4219 1186 4274 cl.
1203 4219 1276 4274 inira

184 4311 210 4378 §-
223 4313 266 4375 20.
283 4307 397 4380 Vereor,
412 4313 519 4376 avana
533 4324 573 4365 ea
574 4308 737 4386 piamimi.
750 4307 812 4380 lug.
823 4325 849 4362 c.
858 4305 994 4378 LXXXV,
1002 4309 1028 4363 6.
1040 4303 1099 4374 Quo
1108 4302 1276 4362 mibiaarius
