3098 4970
206 399 268 464 140
424 457 426 464 ⁴
560 403 591 460 G.
617 402 791 462 SALLUSTI
813 403 927 463 cursui

202 591 315 661 talium
337 589 435 660 etiam
455 611 579 660 morem
599 590 776 674 curabant,
800 590 969 660 exornatis
987 591 1124 662 aedibus
1143 613 1204 682 por
1225 615 1291 661 au-

203 715 277 784 laea
298 718 331 785 et
347 714 462 808 signa,
485 714 660 808 scenisque
681 716 723 786 ad
746 717 998 790 ostentationem
1020 715 1217 788 histrionum
1235 719 1290 787 ta-

203 841 352 930 bricatis;
375 841 472 911 simut
496 863 595 912 croco
625 863 743 934 sparsa
768 842 905 927 humus,
933 844 967 911 et
993 839 1073 926 alia,
1097 840 1131 912 in
1156 843 1289 914 modum

202 1085 337 1156 probatur
356 1083 514 1144 testimonio
530 1084 615 1140 Probi
629 1083 715 1140 lustit.
734 1082 855 1140 Gramm.
867 1082 904 1150 Il,
921 1087 951 1150 1,
968 1086 1014 1142 41.
1028 1099 1058 1154 p·
1073 1087 1135 1144 1³1.
1179 1083 1290 1154 „Scau

206 1169 278 1224 duas
292 1184 337 1222 res
355 1166 510 1240 siguificat,
528 1168 693 1225 adverbium
709 1163 876 1240 separandi,
893 1173 920 1222 et
935 1181 1051 1234 sexum;
1069 1166 1288 1226 Sallustius:

203 1254 281 1310 virile
297 1268 332 1308 ac
345 1251 476 1309 muliebre
489 1243 599 1309 sccus.“
622 1255 659 1310 cs.
668 1246 777 1310 Charis.
796 1253 929 1320 l.16,49·
947 1254 1028 1323 nie.
1046 1251 1173 1312 Lindem.
1190 1258 1232 1325 (p.
1245 1259 1289 1314 61.

204 1337 333 1405 Patscht)
357 1336 463 1406 „Senes
477 1339 568 1393 neutri
584 1339 699 1410 generis
717 1343 762 1394 est
776 1351 887 1406 nomen,
903 1342 932 1390 ut
951 1342 979 1390 et
994 1335 1198 1394 Sallustius
1213 1341 1291 1396 nuile

202 1437 283 1479 secas
310 1422 392 1490 dicit,
415 1421 470 1478 hoc
494 1428 537 1478 est
557 1425 645 1480 uirilis
663 1433 763 1493 senus,
788 1421 865 1494 qnod
886 1437 938 1493 per
959 1437 1058 1477 omnes
1074 1437 1159 1480 casus
1181 1425 1291 1495 integra

203 1509 294 1564 torma
323 1507 510 1565 declinatur.“
554 1508 636 1576 Quod
658 1507 696 1564 ad
715 1525 797 1564 usum
820 1507 900 1563 vocis
929 1506 1039 1575 attinet,
1062 1505 1208 1564 Charisius
1229 1511 1246 1563 l.
1270 1511 1289 1564 l.

203 1593 307 1665 pariter
328 1598 412 1664 atqua
433 1591 593 1649 Gronovius
615 1593 653 1648 ad
667 1593 729 1648 Liv.
744 1590 851 1660 XXVI,
870 1595 918 1659 47,
950 1598 973 1650 1.
997 1597 1025 1646 et
1040 1589 1150 1648 (lortius
1173 1593 1254 1648 adh.
1273 1596 1290 1648 l.
1321 1589 1324 1598 “

204 1679 265 1734 eius
287 1677 425 1732 rationem
439 1692 495 1731 non
514 1684 735 1749 perspexerunt,
760 1693 878 1748 quorum
897 1677 1045 1748 opiniones
1066 1679 1138 1731 bene
1161 1680 1291 1734 refutavit

203 1760 451 1817 Drakenborchius
468 1761 506 1816 ad
521 1762 592 1818 Livii
610 1765 628 1817 l.
643 1765 662 1818 l.
677 1763 814 1834 Nimirum
829 1775 909 1816 sectas
928 1777 1002 1829 vox,
1026 1777 1109 1832 quam
1132 1763 1171 1818 illi
1186 1765 1233 1820 vel
1250 1765 1291 1818 in·

204 1846 401 1903 declinabilem
422 1861 504 1914 esse,
530 1848 577 1904 vel
595 1848 712 1920 genitivi
736 1853 783 1903 aut
805 1846 919 1902 ablativi
942 1851 1109 1917 potestatem
1126 1847 1231 1904 habere
1249 1848 1290 1904 di·

202 1936 283 2002 cunt,
300 1947 356 1986 non
371 1931 426 1986 nisi
440 1946 504 1985 oum
520 1931 668 1988 adiectivis
682 1933 759 1988 virile
772 1935 799 1987 et
816 1931 946 1988 muliebre
960 1931 1108 1987 coniuncta
1127 1935 1289 1989 accusativo

203 2021 309 2072 tantum
325 2017 536 2087 componitur,
562 2019 642 2074 cuius
656 2033 690 2072 ea
705 2019 751 2073 vie
765 2022 822 2084 est,
844 2023 873 2071 ut
893 2015 1070 2087 praecedens
1089 2033 1192 2074 nomen
1207 2036 1290 2074 acau-

204 2102 290 2158 ratius
318 2100 450 2171 definiat3
479 2103 513 2156 ct.
536 2101 619 2158 Com.
640 2105 727 2174 Leop.
754 2101 1065 2160 Schneideri·Gramm.
1087 2103 1145 2158 Lat.
1173 2103 1238 2158 Vol.
1254 2104 1289 2159 ΙΙ.

203 2188 233 2242 P.
253 2187 275 2242 1.
303 2203 330 2258 p.
346 2190 409 2247 462.
453 2185 590 2259 Kruegeri
606 2189 728 2245 Gramm.
744 2189 791 2243 tat.
809 2192 834 2253 s.
850 2191 914 2246 323.
938 2191 995 2245 not.
1009 2191 1036 2245 3.
1053 2204 1080 2258 p.
1098 2190 1157 2246 42&
1202 2187 1288 2244 Tacit.

203 2272 314 2327 Anuait.
328 2272 376 2339 iV,
392 2276 442 2340 oa,
465 2277 492 2330 2.
535 2271 686 2345 Afflaaecrc
705 2273 779 2328 amali
795 2274 889 2327 tatum
903 2273 1077 2343 imperitante
1094 2273 1202 2329 Tiberio
1216 2291 1289 2346 pro-

89 2428 99 2438 *
202 2355 438 2429 mileoluptaubus
451 2356 537 2412 babiti
550 2359 658 2414 virile
671 2373 713 2412 ac
726 2357 898 2414 muliebre
911 2371 1028 2426 secas,
1046 2359 1289 2414 amnis-aetas.—

210 2441 355 2497 Visebatar
375 2440 541 2496 Gerlachius
559 2442 623 2496 Vol.
642 2443 693 2510 ΙΙΙ,
715 2459 744 2513 p.
760 2446 807 2500 81.·
820 2442 946 2514 pessime
964 2443 1158 2512 interpretatur
1177 2443 1289 2500 honoris

203 2531 229 2582 et
244 2525 333 2598 officii
352 2539 453 2580 caussa
467 2525 649 2596 adibatur,
671 2542 832 2598 provocans
852 2525 888 2581 ad
903 2518 1003 2582 Donati
1018 2528 1219 2596 auctoritatem,
1242 2529 1288 2598 qui

203 2610 240 2666 ad
257 2607 368 2666 Terent.
383 2610 487 2682 Hecyr.
502 2610 529 2678 l,
543 2616 576 2679 2,
595 2615 656 2671 113.
671 2611 753 2666 docet
767 2613 857 2674 nuere
873 2610 959 2666 officii
976 2627 1050 2667 esse.
1094 2612 1176 2681 Quod
1194 2618 1223 2670 ut
1237 2629 1288 2685 per

204 2713 236 2751 sa
251 2710 350 2750 verum
367 2700 424 2761 est,
447 2695 485 2750 ita
499 2695 612 2751 minime
628 2697 760 2754 convenit
781 2713 843 2751 aum
863 2695 987 2752 Sallustii
1007 2697 1103 2763 verbis
1118 2698 1288 2754 anteceden-

203 2779 295 2848 tibus;
321 2795 386 2834 nam
402 2779 543 2851 quomodo
562 2781 691 2837 Metellus
713 2781 799 2836 officii
824 2798 928 2838 caussa
946 2796 1015 2854 per
1035 2785 1113 2837 aias
1132 2799 1173 2838 aa
1194 2789 1287 2858 tecta

204 2867 354 2920 omnium
369 2865 445 2920 adiri
456 2866 588 2938 potuerit,
603 2873 717 2938 praeter
732 2865 909 2924 Gerluohium
927 2869 975 2924 vix
989 2867 1137 2938 quisquam
1153 2884 1287 2940 assequa-

203 2955 255 3004 tur.
300 2946 395 3005 Verba
409 2949 484 3005 huuc
500 2967 615 3006 sensum
635 2953 754 3009 habent:
771 2969 856 3024 quum
871 2952 1000 3008 Metellus
1018 2953 1046 3006 in
1063 2954 1223 3008 ulteriorem
1241 2953 1287 3007 Hi·

204 3036 333 3111 spaniam
349 3035 554 3107 regrederetur,
570 3035 694 3110 undique
710 3037 904 3105 confluebant,
924 3037 1047 3108 quicum
1066 3039 1224 3094 redeuntem
1238 3040 1285 3094 vel

203 3120 294 3184 invia
309 3121 354 3175 vel
372 3137 408 3175 ex
426 3120 544 3177 aedibus
556 3129 722 3194 spectarent,
736 3123 835 3176 honori
850 3122 911 3176 eius
931 3121 986 3176 hoo
998 3121 1159 3178 tribuentes.

287 3212 312 3272 §-
330 3211 356 3264 2.
399 3206 481 3261 Eum
507 3213 638 3277 quaestor
657 3222 820 3277 —quum
848 3205 1017 3262 &comam
1045 3208 1285 3277 invitassent)

202 3291 233 3345 In
258 3290 387 3345 omnibus
404 3289 528 3345 Sallustii
552 3290 619 3345 edd.
635 3290 706 3347 haec
728 3291 765 3345 ita
782 3291 929 3362 legrmtur:
957 3309 1058 3365 paam
1087 3297 1217 3364 quaestor
1243 3323 1285 3331 -

201 3389 274 3430 eum
306 3373 345 3428 ad
372 3387 487 3429 coetum
509 3375 765 3431 invitaverant.
816 3373 875 3432 Sed
897 3393 981 3448 quum
1004 3375 1081 3449 apud
1101 3377 1284 3444 macrobium,

202 3458 315 3513 unicum
329 3456 414 3513 huius
428 3458 588 3530 Fragmenti
611 3461 730 3529 iontem,
752 3463 840 3517 verba
861 3461 899 3518 ita
914 3467 1038 3530 exstent,
1060 3468 1089 3517 ut
1108 3465 1138 3518 in
1154 3467 1284 3518 contextu

203 3542 412 3614 expressimus,
440 3544 475 3598 ab
498 3541 553 3598 hac
571 3545 709 3617 scriptura
731 3552 788 3602 tum
807 3551 921 3619 propter
939 3551 1081 3604 externam
1102 3547 1204 3617 fidem,
1228 3553 1285 3602 tum

202 3629 272 3698 quia·
282 3627 395 3698 linguae
410 3643 464 3682 usu
478 3627 570 3699 magis
586 3630 807 3700 commendatur,
826 3647 883 3687 non
897 3631 1089 3688 recedendum
1105 3634 1283 3704 putavimus;

202 3727 267 3766 nam
288 3717 319 3766 ut
339 3707 464 3766 insolens
487 3717 530 3784 est
549 3715 637 3771 oratio
662 3733 679 3771 a
704 3733 788 3789 quum
813 3717 950 3789 incipiens
970 3717 1193 3774 demonstrativo
1220 3720 1285 3774 sub·

202 3803 354 3869 sequente,
386 3796 423 3852 ita
444 3799 558 3854 inversa
575 3801 645 3860 ratio
669 3803 751 3874 longe
772 3805 815 3856 est
836 3803 979 3857 tritissima
1005 3807 1032 3856 et
1051 3801 1088 3858 ad
1117 3802 1285 3860 nectendam

202 3883 357 3938 orationem
373 3883 530 3954 aptissima.
545 3913 588 3924 -—
608 3887 661 3941 Pro
677 3888 837 3942 invitassent
850 3903 949 3943 omnes
965 3885 1092 3943 Sallustii
1109 3884 1175 3942 edd.
1190 3893 1285 3943 tenent

199 3969 389 4038 erubuerant,
403 3968 479 4040 quod
491 3985 543 4039 per
559 3985 590 4024 se
605 3987 662 4026 non
673 3970 933 4040 estdamnandum;
949 3971 1001 4027 sed
1018 3973 1213 4030 coniunctivae
1229 3989 1286 4029 non

200 4051 293 4108 solum
307 4052 442 4109 Macrobii
465 4051 611 4111 codicibus
631 4057 817 4123 sustentatur,
849 4056 901 4111 sed
922 4057 1004 4112 etiarn
1026 4063 1143 4128 propter
1163 4073 1283 4114 caussae

200 4137 342 4192 notionem
365 4155 428 4192 eum
446 4139 621 4197 condicionis
645 4141 674 4195 vi
696 4139 903 4211 quodammodo
934 4141 1112 4198 coniunctam
1134 4142 1200 4199 huic
1221 4145 1284 4198 loco

200 4222 301 4276 metius
317 4224 463 4291 conventu
489 4224 525 4278 ct.
542 4225 604 4281 Liv.
621 4225 660 4292 ll,
675 4226 720 4292 m,
735 4228 762 4281 8.
787 4225 944 4296 Desperatio
965 4225 1106 4282 consulum
1120 4232 1285 4299 senatusque

201 4307 320 4376 mallio,
347 4323 446 4379 qaum
468 4310 496 4362 in
517 4310 560 4364 ius
585 4309 650 4365 daci
668 4308 815 4364 ἀεείίονεεη
839 4308 1028 4380 vidissent,
1058 4311 1178 4384 andane
1199 4321 1284 4368 con*-
1336 4340 1339 4351 ·
