3096 4962
244 419 287 488 44
608 429 637 487 C.
659 427 832 488 SALLUSTl
856 425 970 488 urrisu
1062 432 1064 440 ’

246 621 305 691 sed
323 621 392 688 lum
411 617 591 704 crudelior,
611 641 712 712 quum
725 619 904 714 plerosque
920 621 1085 690 secundae
1101 641 1155 690 res
1170 618 1202 690 in
1226 619 1331 689 mise·
1420 617 1422 620 ’

245 746 404 819 rationem
422 767 465 814 ex
487 743 537 814 ira
552 746 695 814 vortunt.
731 743 818 829 Quin
832 745 927 816 solus
946 745 1091 817 omnium
1106 747 1182 838 posi
1200 767 1356 824 memo-⁶
1442 725 1446 732 ¹

247 873 326 960 riam
350 869 482 941 humani
507 868 640 962 generis
662 869 824 963 supplicia
843 871 876 942 in
891 874 968 964 posi
988 871 1119 942 futuros
1133 871 1330 963 composuit,

246 996 320 1093 quis
340 997 433 1090 prius
454 994 571 1065 iniuria
596 1018 693 1089 quern
717 997 785 1066 vile
808 1001 898 1068 cerlo
921 1002 1029 1087 essel3
1057 997 1332 1094 pravissumeque

245 1147 306 1219 per
325 1121 460 1194 sceleris
477 1121 708 1196 immanitatem
729 1123 836 1194 adhuc
856 1126 948 1196 iulus
968 1123 1044 1210 ruit,
1066 1124 1143 1194 dum
1157 1147 1220 1196 vos
1243 1130 1332 1200 melu
1383 1175 1402 1180 --

200 1253 216 1334 J
247 1247 413 1344 gravioris
431 1248 544 1321 servili
564 1250 779 1344 arepclunda
793 1249 942 1324 libertate
956 1247 1131 1326 terremini.

246 1452 467 1526 proscriptorum
479 1452 560 1509 liberi
575 1453 636 1508 iure
646 1452 786 1509 honorum
799 1454 987 1526 petendorum
1003 1453 1169 1524 fruerentur,
1182 1450 1218 1507 de
1235 1451 1291 1524 qua
1301 1468 1332 1506 re

247 1537 369 1594 diximus
384 1537 422 1594 ed
440 1537 500 1594 Cat.
519 1555 545 1593 c.
566 1537 711 1608 XXXVII,
729 1543 756 1597 9.
771 1557 799 1612 p·
817 1543 879 1598 175.
904 1540 939 1595 cl.
957 1537 1071 1606 Quinur.
1094 1537 1150 1610 xl,
1175 1543 1205 1603 l,
1230 1541 1275 1595 85.
1291 1567 1334 1580 -

246 1624 314 1680 Post
326 1622 438 1695 suerrus
459 1639 509 1693 per
525 1622 644 1696 hyphen
660 1622 763 1690 dicium
783 1642 847 1680 esse
869 1623 1092 1681 coniusmubis
1115 1621 1252 1693 exemplis
1269 1639 1334 1693 pro·

247 1712 314 1764 bare
332 1714 449 1764 conotus
466 1713 524 1778 est,
546 1709 627 1764 cuius
646 1707 802 1763 doctrinam
817 1708 981 1765 Gerlachius
1003 1708 1069 1763 Vol.
1085 1707 1131 1762 ΙΙΙ.
1145 1723 1174 1778 p.
1190 1713 1235 1768 55.
1257 1709 1334 1779 cupi·

248 1793 365 1848 dissime
381 1809 462 1848 suem
477 1793 566 1848 lecit.¹
595 1793 655 1848 Nos
670 1809 732 1847 eam
751 1795 926 1864 explosimus
944 1792 981 1848 ad
1002 1793 1064 1865 lug.
1079 1809 1105 1848 c.
1120 1791 1243 1864 lxxvi,
1262 1797 1290 1846 b.
1304 1810 1332 1865 p.

247 1881 308 1937 406·
326 1877 373 1934 ubi
390 1894 416 1932 v.
431 1903 476 1920 -
495 1876 580 1934 Tutus
595 1876 666 1950 suit
685 1893 749 1933 cunr
770 1878 918 1936 Gerlachio
936 1883 963 1932 et
983 1877 1087 1934 Orellio
1109 1877 1274 1949 scripsimus
1297 1894 1334 1934 ex

199 1997 200 2002 κ
247 1963 313 2018 Vel.
328 1969 354 2020 1.
370 1961 521 2020 2e1l3ell.
537 1979 588 2034 pro
604 1979 653 2032 eo,
672 1961 749 2035 quod
762 1964 790 2018 in
805 1964 950 2036 plerisque
964 1962 1030 2020 edd.
1049 1968 1107 2029 esi,
1130 1967 1203 2020 mnu
1223 1961 1335 2034 furit,

144 2085 150 2093 ·
249 2064 305 2103 non
320 2047 407 2119 liquet
421 2053 511 2103 uuum
527 2046 583 2102 fide
598 2048 663 2104 Vel.
677 2053 720 2115 3.,
744 2065 780 2106 un
794 2065 831 2104 ex
845 2048 912 2105 Aldi
932 2048 1102 2104 coniectura.
1145 2046 1334 2104 lloederlinus

249 2133 407 2206 Synonym.
427 2134 487 2190 but.
511 2133 575 2190 Vol.
600 2133 622 2188 Ι.
643 2151 671 2206 p.
687 2137 731 2194 63.
767 2136 847 2192 eccle
868 2134 989 2202 moduli,
1011 2134 1040 2188 in
1060 2131 1217 2190 incredibili
1237 2131 1354 2189 Sullae

248 2218 413 2276 crudelitate
432 2217 635 2288 describendo,
652 2236 724 2291 quae
739 2236 786 2276 res
802 2221 954 2296 inanimam
971 2220 1105 2276 oracionis
1123 2220 1182 2276 vim
1202 2219 1334 2290 postulae,

248 2303 333 2360 valde
359 2305 494 2378 languere
520 2307 608 2363 verbe
627 2307 805 2377 mamedune
827 2305 908 2378 surii.
951 2304 1069 2360 Addere
1083 2304 1249 2377 ¹potuisset,
1278 2319 1335 2358 non

173 2429 175 2434 -
248 2391 384 2462 languere
401 2394 520 2457 lantum,
537 2390 589 2446 sed
606 2405 697 2460 paene
716 2390 839 2448 absurda
855 2405 936 2459 esse;
963 2405 1028 2448 nam
1048 2406 1139 2461 neque
1154 2394 1212 2444 lum
1226 2389 1336 2446 lucebat

248 2474 370 2544 amplius
391 2473 485 2540 Sulla,
508 2478 536 2527 et
554 2473 689 2545 quoniam
706 2477 880 2546 praedaria
905 2473 1100 2546 detorquendo
1117 2489 1188 2530 vere
1202 2476 1335 2544 cernitur,

244 2559 373 2632 praviter
396 2558 510 2631 fleme,
537 2558 561 2616 si
581 2557 671 2618 modo·
688 2574 805 2616 sensum
825 2559 924 2627 hebet,
949 2558 1019 2614 nibil
1044 2560 1137 2631 potest
1164 2557 1336 2632 siguificare,

250 2659 334 2716 quam
350 2643 388 2700 ita
404 2644 513 2711 lucere,
537 2649 568 2700 ul
582 2644 659 2700 luror
681 2660 738 2700 non
748 2660 849 2712 verus,
872 2642 924 2700 sed
940 2649 1087 2716 corruptus
1104 2648 1161 2698 ela
1172 2657 1224 2698 sua
1239 2648 1337 2700 nalum
1450 2664 1453 2668 ·

251 2728 388 2784 alienatus
417 2727 463 2784 sit.
501 2728 599 2798 'Quare
621 2728 721 2802 furere
747 2731 836 2786 verbo
865 2729 959 2784 nullus
981 2725 1027 2784 hic
1049 2729 1128 2784 locus
1149 2742 1215 2782 esse
1234 2734 1337 2800 potest.

250 2814 393 2869 Bonorum
418 2812 549 2870 codicum
576 2814 714 2888 scriplum
735 2820 827 2871 aulem
849 2815 887 2870 ita
916 2818 1079 2885 comparate
1097 2819 1154 2881 est,
1179 2818 1209 2868 ut
1224 2816 1337 2886 praeib-

250 2913 327 2954 oume
338 2914 395 2954 non
409 2896 504 2954 Sullae
519 2900 658 2956 actionem
674 2899 802 2971 definiat,
820 2900 873 2957 sed
886 2897 985 2971 Lepidi
1000 2898 1035 2954 de
1055 2916 1089 2955 ee
1100 2897 1235 2956 iudicium
1250 2916 1337 2955 enun-

251 2985 320 3052 eiel,
345 2995 401 3056 quo
418 2984 519 3058 popelli
540 2987 751 3058 peruersitatem
772 2991 849 3043 nolet
867 2985 963 3044 Sullae
985 2985 1182 3042 immanitatem
1199 2986 1337 3056 pollenter
1366 3039 1368 3044 .

180 3128 185 3142 ,
252 3069 378 3127 serentis.
421 3069 455 3126 ld
476 3077 552 3126 recte
574 3077 722 3130 essecutus
737 3071 925 3129 Iloederlinus
942 3071 962 3124 l.
986 3071 1005 3126 l.
1032 3086 1147 3128 sensum
1168 3068 1334 3140 essedicil:

251 3157 409 3228 ‚pronitate
421 3162 518 3214 nostre
536 3156 644 3230 fectum
660 3163 720 3231 est,¹
737 3163 829 3228 utper
841 3154 958 3211 sceleris
974 3154 1176 3212 immanitatem
1193 3153 1273 3212 Sulla
1287 3155 1335 3210 ed·
1424 3202 1428 3210 .

251 3241 307 3298 huc
326 3245 400 3298 mbas
412 3241 530 3314 fuerim
559 3242 675 3298 Planius
694 3241 777 3296 etiam
791 3241 882 3295 Faber
894 3239 1125 3314 procerumque
1140 3241 1336 3313 interpretetur

252 3330 292 3393 el,
318 3325 392 3396 quod
407 3326 607 3396 promerentem
630 3330 677 3380 eol
723 3323 889 3380 Germanice
905 3321 1070 3380 adverbium
1085 3325 1207 3385 reddas:
1228 3327 1278 3380 aul
1291 3325 1337 3384 die

253 3407 564 3465 unverantwortlichste
580 3409 689 3465 Weise.
734 3409 859 3466 Similem
878 3408 1043 3464 sententium
1057 3411 1153 3468 Macer
1167 3410 1199 3466 in
1211 3411 1337 3484 oratione

254 3491 292 3548 ad
306 3493 417 3564 plebem
430 3492 559 3565 protulit,
576 3493 688 3567 Fragm.
704 3494 753 3567 ΙΙΙ,
767 3498 811 3562 81,
835 3498 878 3552 13.
896 3509 898 3513 ·
1026 3541 1029 3548 ,
1086 3487 1087 3492 ’
1412 3550 1415 3555 ,

338 3581 365 3643 s.
388 3579 415 3636 7.
459 3576 600 3650 mendum
610 3585 692 3651 cipue
704 3579 809 3638 obviem
823 3577 942 3636 cunum
950 3578 1003 3646 ert)
1018 3578 1095 3634 Haec
1108 3580 1198 3638 verba
1213 3581 1340 3638 servavit

254 3661 337 3718 etiem
351 3661 452 3718 Donat.
466 3661 504 3718 ud
519 3662 583 3718 Ter.
599 3663 689 3720 Andr.
702 3665 728 3734 Ι,
744 3672 770 3734 5,
788 3671 831 3723 10.
875 3664 965 3736 Aaou
978 3665 1146 3737 praegnanti
1162 3680 1249 3720 seusu
1262 3667 1340 3735 posi-

228 3801 231 3807 ,,
254 3751 326 3815 lum,
345 3763 400 3818 quo
419 3749 493 3805 veleb
508 3749 591 3805 rebus
603 3754 715 3806 strenue
729 3749 858 3824 perendie
874 3751 1004 3808 buencum
1017 3763 1092 3821 esre,
1105 3749 1255 3806 illustravit
1272 3747 1339 3806 Cor·

254 3832 309 3891 tius
337 3832 402 3906 coll.
427 3829 509 3887 Catil.
534 3833 596 3902 ΙΙΙ,
624 3837 669 3893 m.
719 3835 877 3908 Vipilendo‚
905 3833 1059 3908 rupendo,
1087 3834 1154 3890 bene
1172 3833 1339 3892 mnoabndo

253 3930 392 3990 prospere
403 3918 497 3972 omniu
505 3917 614 3975 cedem.
657 3919 716 3977 liv.
732 3921 825 3988 XXII,
842 3924 884 3989 14',
905 3924 949 3979 14.
992 3917 1217 3992 Audenduolque
1232 3921 1339 3993 apertdo

220 4003 226 4016 ¹
256 4017 303 4058 res
318 4001 447 4058 chmna
458 4001 576 4060 creuir.“
605 4004 694 4079 XXll,
704 4011 749 4080 53,
761 4008 789 4063 7.
814 4005 1070 4076 Aunedonnacum
1083 4004 1253 4077 ependum
1268 4021 1339 4062 eece.

254 4113 296 4125 -
313 4085 470 4159 Spoliorwn
487 4090 626 4146 vocabulo
644 4090 818 4163 significatur
834 4089 969 4163 quicquid
986 4089 1069 4148 elicui
1086 4089 1241 4146 detructum
1257 4091 1327 4164 eripi

255 4177 316 4240 lur;
331 4174 404 4227 bene
420 4171 528 4230 Corlius
544 4177 719 4248 comparavit
729 4176 801 4232 Hist.
816 4177 862 4232 Fr.
878 4176 983 4247 11181,
998 4178 1025 4233 6.
1068 4176 1170 4232 Arcen
1184 4174 1285 4232 babent
1301 4191 1339 4234 ex

254 4256 382 4330 spoliis
409 4262 517 4315 metro.
563 4257 621 4316 Cic.
637 4260 673 4316 de
689 4259 743 4319 Off.
758 4260 804 4330 ΙΙΙ,
819 4268 845 4329 5,
860 4266 906 4319 nb
947 4258 1026 4317 Illud
1039 4264 1142 4316 notura
1156 4277 1212 4318 nou
1220 4265 1339 4334 padue,

254 4346 285 4403 ul
298 4342 416 4400 oliorum
429 4344 524 4420 epuli
529 4343 559 4403 ir
572 4351 685 4403 nostroe
697 4345 854 4421 seculum,
871 4345 977 4421 copies,
993 4360 1060 4420 opor
1074 4361 1235 4420 cuperemus.
1264 4348 1340 4405 Miri·
