3096 4962
378 467 379 470 ,
464 417 715 476 HISTORIARUM
736 415 972 474 FRAGMENTA.
1017 415 1084 473 LIB.
1105 416 1125 472 l.
1299 407 1338 474 ll

261 606 356 676 luere
375 604 439 677 iam
458 604 535 674 inde
554 627 575 674 a
591 601 762 695 principio,
785 624 894 696 neque
915 600 1066 692 amplius,
1089 622 1187 694 quarn
1205 599 1342 694 regibus

260 730 395 816 exactis,
413 731 490 800 dnm
504 732 611 798 metus
626 751 646 797 a
660 728 837 822 Tarquinio
852 731 884 798 et
899 726 1019 798 belom
1032 749 1139 818 grave
1150 749 1227 800 eum
1237 727 1341 798 iltru-

257 857 308 928 ria
326 855 471 950 positum
492 856 561 940 est,
592 875 700 949 aequo
723 857 756 926 et
777 853 928 926 modesto
951 852 1022 924 inre
1042 851 1214 945 agitatum.
1258 851 1341 924 Dein

230 1145 234 1152 ·
258 1110 376 1166 verbum
391 1109 578 1180 pertinentes,
595 1106 647 1162 sed
663 1105 792 1172 absoluti,
810 1102 845 1160 de
862 1103 963 1176 quibus
978 1118 1006 1158 v.
1022 1108 1154 1160 annotata
1168 1103 1208 1160 etl
1221 1102 1299 1162 Catil.
1314 1121 1339 1160 c.

257 1194 309 1262 XI,
335 1197 360 1250 4.
384 1195 418 1248 el.
439 1194 565 1250 Ktihner.
586 1193 623 1248 ad
644 1191 702 1248 Cio.
717 1189 819 1246 Tusce.
835 1189 884 1258 ΙΙΙ,
904 1193 949 1256 16,
965 1191 1009 1245 34.
1054 1187 1197 1244 Sententia
1214 1191 1276 1261 ipsa
1294 1189 1341 1244 de·

255 1283 369 1349 'sumpta
384 1284 476 1332 estex
494 1278 607 1333 Catonis
623 1273 767 1348 Originum
783 1275 853 1330 libro
871 1273 918 1340 V„
936 1287 1018 1344 quem
1035 1275 1126 1330 locum
1143 1275 1247 1330 Gellius
1270 1275 1341 1330 ltlt.

258 1361 331 1416 ΑΑ.
343 1361 402 1428 Vll,
417 1366 444 1419 3.
461 1363 586 1417 servavit
596 1363 684 1429 (Veli.
696 1361 837 1414 lristoricc.
852 1359 963 1428 Fregm.
975 1373 1005 1426 p.
1016 1360 1078 1416 378.
1091 1359 1138 1414 ed.
1150 1359 1340 1426 Frotscher.):

260 1444 322 1501 Seio
342 1447 431 1500 sotere
445 1447 588 1517 plerisque
608 1443 759 1500 bonimius
780 1441 863 1497 rebus
881 1440 1009 1496 emunito
1030 1446 1111 1512 auae
1123 1445 1247 1514 proliecit
1262 1450 1343 1515 nque

254 1531 402 1602 prosperis
415 1558 457 1568 --
471 1529 629 1602 mpcrbiotn
642 1533 723 1599 atque
734 1525 870 1597 ferocium
884 1538 1033 1596 conpescere
1047 1532 1128 1598 etque
1141 1542 1270 1584 crescere
1277 1549 1286 1588 ,·
1301 1556 1341 1568 -

258 1609 394 1670 adoneae
406 1629 452 1669 res
471 1615 640 1682 redoleant,
661 1619 687 1670 et
700 1612 798 1667 docent
815 1610 883 1682 quid
894 1624 965 1681 opus
978 1611 1014 1666 eit
1024 1609 1102 1681 socio
1109 1635 1119 1674 ;
1139 1612 1281 1677 secuntiae
1297 1627 1343 1670 rer

257 1701 359 1759 loetiuo
370 1698 772 1761 transversumtmderesotent
780 1713 799 1750 o
810 1700 885 1751 reete
895 1695 1061 1752 connitendo
1071 1703 1153 1770 atque
1163 1698 1342 1770 mteitipendn

258 1783 386 1838 Ceterum
394 1783 544 1840 Sallustius
553 1784 672 1840 eandem
685 1781 914 1838 sententiantium
928 1780 954 1836 in
963 1780 1024 1850 lug.
1036 1782 1140 1840 e.Xl.l.
1152 1785 1291 1840 tractavit.
1300 1813 1342 1824 --

256 1869 381 1940 Amplius
396 1869 431 1924 de
447 1870 653 1924 continuatione
672 1873 698 1922 et
715 1865 888 1938 longitudine
905 1865 1008 1922 dietum
1023 1869 1067 1934 (v.
1082 1868 1174 1926 Hand.
1191 1869 1342 1924 Tursellin.

256 1955 321 2009 Vol.
337 1955 357 2008 Ι.
369 1971 400 2024 p.
416 1957 499 2023 188.)
515 1956 591 2010 valet
604 1955 717 2022 1111111111,
738 1953 829 2013 ultro,·
844 1952 881 2006 el.
897 1951 957 2036 ¹⁰8,-
974 1969 1000 2006 e.
1014 1950 1109 2021 XXV,
1127 1961 1170 2014 ro
1213 1953 1256 2009 Ne
1271 1971 1337 2008 om·

251 2040 349 2110 plius
362 2039 496 2096 morando
511 2038 649 2096 Scaurum
664 2038 835 2106 incenderet,
849 2037 879 2091 in
889 2037 1067 2107 provinciam
1081 2043 1159 2096 venit.
1183 2069 1219 2080 -
1254 2039 1343 2106 Quom

257 2141 313 2178 non
329 2124 366 2180 ad
384 2125 522 2180 ablativos
540 2125 658 2180 orationi
679 2122 858 2192 interpositos
873 2123 1006 2191 pertinet,
1030 2122 1083 2178 sed
1102 2127 1184 2180 simul
1200 2141 1263 2180 eum
1278 2125 1342 2180 dum

256 2209 394 2282 partiente
407 2209 443 2264 ad
460 2212 581 2280 positum
595 2215 636 2264 ert
649 2205 837 2264 referentium.
866 2205 940 2262 Dum
962 2214 1069 2273 autem,
1089 2225 1143 2279 quo
1158 2210 1291 2264 terminus
1307 2209 1342 2264 si·

258 2294 422 2364 gallienum,
444 2294 482 2349 ad
497 2311 580 2365 quem
596 2293 703 2376 aliquid
717 2290 891 2363 producitur,
908 2291 984 2346 valet
996 2305 1083 2362 utrque
1096 2294 1217 2352 antitheti
1229 2301 1343 2364 tempor,

257 2395 326 2450 pum·
344 2381 380 2432 el.
397 2378 498 2434 Handii
509 2377 629 2434 Turseli.
644 2377 871 2448 Vot.11.p.319.
891 2373 973 2430 Caes
988 2376 1021 2432 Β.
1034 2374 1064 2432 G.
1083 2376 1103 2446 Ι,
1118 2381 1163 2446 87,
1183 2385 1209 2436 l.
1238 2378 1344 2436 eonor

257 2477 296 2520 ex
311 2479 343 2520 eo
359 2470 489 2536 tempore,
511 2457 586 2521 ium
601 2463 640 2518 od
651 2465 756 2535 flumen
777 2461 882 2518 Verum
900 2463 1033 2529 uentano,
1056 2478 1087 2520 se
1102 2463 1276 2534 frumentum
1290 2464 1342 2520 clo-

257 2555 349 2605 turum
360 2551 516 2621 potttcour.
533 2577 571 2590 -·-
597 2548 688 2606 Metus
703 2563 721 2604 α
738 2547 888 2619 Tarquinio
904 2547 1045 2616 quomodo
1068 2547 1172 2606 dietum
1189 2551 1223 2606 sit
1239 2550 1342 2621 optime

257 2633 402 2690 declarant
415 2634 517 2690 Handii
529 2637 620 2690 'verba
635 2635 663 2688 in
680 2633 800 2690 Turseli.
814 2632 880 2686 Vol.
894 2631 916 2685 l.
933 2649 961 2702 p.
978 2639 1022 2692 32.
1039 2635 1101 2704 qul:
1122 2635 1230 2702 Verba,
1246 2635 1343 2705 inquit,

255 2726 435 2792 exspectare,
455 2734 588 2792 operere,
607 2725 741 2788 inuuere,
763 2719 857 2784 tinere
874 2733 971 2772 secum
986 2717 1090 2774 babent
1104 2721 1342 2792 praepositionem

256 2803 291 2858 ub
311 2811 475 2876 propterea,
497 2805 563 2876 quia
578 2805 622 2877 id,
644 2803 720 2875 quod
740 2806 936 2872 exspectatur,
960 2805 1005 2858 vel
1026 2805 1151 2874 timetur,
1175 2805 1210 2862 ab
1226 2807 1343 2862 1113111116

154 2890 157 2894 ’
251 2894 337 2960 porte
351 2891 514 2951 prestiturum
528 2893 653 2961 putatur,
676 2904 730 2958 quo
749 2887 861 2958 quidem
878 2888 961 2944 simul
982 2889 1230 2960 comprehenditur
1244 2896 1271 2946 et
1288 2889 1343 2950 ort-

257 2973 330 3044 ginis
346 2979 375 3028 et
386 2973 477 3028 exitus
489 2975 574 3028 notio.
598 2974 634 3026 el.
649 2972 710 3026 Liv.
724 2971 848 3035 xxxttt,
864 2976 909 3038 20,
926 2979 974 3030 ro.
996 2973 1120 3045 Rbodr'r’s,
1133 2976 1242 3048 dempto
1254 2981 1344 3030 metu

257 3075 275 3112 o
290 3057 460 3130 Pttttpp'o
479 3060 567 3128 omni,
591 3062 653 3112 erat
666 3056 807 3115 consitium
822 3052 928 3110 obotbm
944 3057 1028 3112 mooli
1041 3060 1130 3114 emere
1145 3060 1284 3116 muncia
1300 3087 1342 3096 *-

255 3143 378 3200 Positum
392 3149 433 3200 est
446 3144 465 3198 i.
481 3144 630 3216 epitritum
639 3165 648 3205 ;
662 3158 691 3196 v.
707 3139 744 3196 ad
758 3139 820 3210 lug.
836 3136 922 3206 CXII,
940 3146 966 3198 1.
980 3162 1024 3182 -·-
1045 3141 1186 3198 Soroite
1198 3144 1343 3213 imperinm

255 3230 372 3299 passivo
388 3245 475 3286 sensu
486 3235 531 3286 est
545 3230 610 3297 tale,
629 3226 706 3300 qued
722 3227 752 3282 io
769 3238 865 3280 tereos
879 3229 1037 3292 excreetur,
1057 3227 1118 3282 sive
1135 3243 1189 3297 quo
1202 3226 1279 3282 servi
1293 3225 1343 3280 ha·

257 3315 364 3370 bentur.
379 3346 423 3360 —-
446 3315 593 3372 Exereere
608 3316 625 3369 i.
641 3330 666 3368 e.
683 3327 800 3378 vexare,
818 3308 938 3381 fatigare
947 3326 961 3379 p
972 3327 1001 3366 v.
1018 3311 1055 3366 nd
1070 3309 1149 3367 Galil.
1163 3309 1189 3368 o'.
1203 3311 1250 3379 Xt,
1266 3317 1343 3368 1.-

256 3397 360 3470 Repio
379 3415 457 3456 more
480 3399 548 3472 quid
570 3401 605 3456 sit
619 3397 826 3470 explicavimus
842 3394 880 3450 ad
894 3395 955 3468 lug.
971 3413 997 3450 e.
1011 3396 1114 3464 LXlV',
1134 3402 1161 3455 5.
1176 3414 1206 3468 p.
1221 3400 1285 3456 3110.
1300 3424 1342 3434 -

258 3483 406 3540 θοηειιῑενθ
422 3501 507 3555 quum
521 3487 615 3540 valeat
630 3485 712 3540 etiam
727 3481 891 3538 conutituere
907 3498 945 3536 ae·
956 3480 1106 3539 decernere
1119 3484 1294 3554 (veringen),
1312 3481 1342 3538 h.

254 3571 275 3624 Ι.
298 3569 464 3640 praegnanti
482 3585 568 3626 sensu
585 3569 619 3629 de
635 3567 834 3634 constituenda,
846 3581 940 3636 poena
962 3568 1058 3623 mortis
1073 3573 1121 3624 aut
1135 3570 1285 3624 verberum
1302 3566 1343 3621 di·
1376 3630 1382 3641 .

257 3659 331 3709 ctum
350 3657 408 3720 est,
426 3653 526 3708 eadem
542 3637 730 3724 ratione,‘qua
741 3651 885 3708 considere
896 3654 925 3706 in
935 3651 1052 3722 aliquem
1067 3651 1209 3724 signifieat
1221 3653 1343 3723 aliquem

149 3727 152 3731 ’
257 3741 304 3796 vel
314 3739 431 3810 puerine,
451 3739 497 3793 vel
518 3740 590 3794 moto
610 3733 748 3799 tractore·
774 3737 811 3794 ei.
826 3735 887 3790 Liv.
903 3735 995 3803 XXX,
1015 3741 1068 3805 te,
1089 3741 1132 3796 13.
1160 3735 1204 3794 De
1215 3737 1344 3810 perfnpis

86 3895 101 3920 α
153 3887 154 3890 ,
253 3822 644 3899 praeterquamdefupitiois
663 3823 873 3880 consultum.
906 3823 952 3878 lus
968 3821 1344 3892 ciuesRomanosuerberi-

256 3915 309 3968 bus
324 3908 467 3966 alliciendi
480 3909 605 3981 patriciis
620 3913 745 3980 ereptum
764 3908 827 3978 lege
842 3906 951 3974 Porcia,
968 3905 1003 3960 de
1019 3923 1073 3978 qua
1086 3907 1156 3963 vide
1170 3907 1208 3962 ad
1222 3906 1301 3964 Catil.
1317 3925 1344 3963 e.

256 3997 303 4064 Ll,
324 4000 367 4054 11.
385 3999 413 4048 et
427 3994 570 4054 Heineecii
585 3995 730 4064 Antiquitt.
744 3992 825 4048 Rom.
840 3991 973 4063 Append.
993 3993 1052 4047 Lib.
1069 3993 1095 4060 Ι,
1117 3996 1162 4051 rt.
1177 4009 1207 4062 p.
1222 3997 1282 4054 ato.
1297 3991 1342 4048 ed.

256 4079 396 4138 llaubold.
429 4079 476 4134 Ad
499 4079 618 4136 eandem
638 4095 697 4132 rom
716 4080 844 4148 spectant
859 4077 942 4134 etiam
962 4077 1070 4134 ironica
1085 4071 1172 4134 verba
1186 4074 1284 4133 Licinii
1298 4077 1345 4132 tri-

256 4167 324 4224 buni
337 4167 377 4236 pl.
396 4165 424 4220 in
439 4165 510 4220 Hist.
524 4157 638 4236 Fragm.
652 4163 703 4231 ΙΙΙ,
726 4166 776 4240 81,
791 4157 845 4224 16.
864 4161 979 4220 Abunde
998 4161 1147 4218 libertatem
1168 4163 1236 4232 rati,
1254 4163 1346 4233 quin

257 4252 370 4324 terpis
388 4249 605 4306 abstinetur.
650 4248 690 4304 De
707 4241 812 4304 misera
826 4247 920 4317 plebis,
933 4263 950 4302 a
964 4247 1091 4318 patribus
1107 4261 1262 4318 oppressae
1278 4261 1344 4302 oon-

258 4333 369 4394 tlieione
388 4336 425 4394 el.
438 4336 529 4394 etiam
546 4334 624 4394 Catil.
638 4331 769 4404 xxm,
791 4338 807 4394 l
823 4349 886 4410 sqq.
901 4339 929 4388 et
943 4331 1081 4408 imprimis
1097 4332 1158 4390 Liv.
1176 4331 1213 4398 11,
1230 4334 1279 4394 23.
1296 4329 1343 4399 qui
