3102 4956
196 373 261 438 246
559 377 589 433 G.
616 375 788 434 SALLUSTI
812 373 927 433 CRISPI

303 571 355 635 73.
396 564 460 649 Oui
487 563 578 634 nullo
597 566 688 634 serto
708 561 807 631 exilio
830 562 1048 653 vagabantur.

302 696 353 760 74.
392 691 539 780 Apertae
563 692 694 780 portae,
722 686 848 779 repleta
871 709 952 756 arva
973 687 1164 756 cultoribus

303 820 354 887 75.
395 813 568 885 Cossinius
589 813 623 882 in
643 833 808 903 proxuma
833 812 913 882 villa
931 815 1023 882 fonte
1050 811 1232 882 lavabatur.

202 1061 243 1118 15,
256 1058 283 1110 4.
327 1051 399 1107 Deris
416 1065 498 1123 vapos
513 1053 657 1123 etpucis
671 1053 765 1109 modo
783 1051 934 1124 'effusos
957 1053 1033 1108 laicas
1052 1052 1286 1123 mutatoresque

201 1139 345 1193 Romanos
359 1137 497 1192 invadunt.
517 1165 560 1176 -—
581 1133 693 1194 quosio
708 1137 804 1192 talium
819 1139 929 1193 urbium
944 1152 1028 1208 quum
1040 1151 1097 1188 non
1115 1135 1169 1189 nisi
1185 1151 1286 1206 repen-

200 1225 258 1277 tino
275 1223 382 1292 impetu
392 1221 454 1277 lieri
470 1227 578 1292 posset,
592 1224 718 1277 bumom's
734 1239 803 1276 vero
817 1221 956 1278 bominum
970 1223 1011 1276 uis
1021 1219 1112 1275 multis
1127 1220 1221 1274 elucris
1235 1236 1285 1274 eas

202 1306 394 1362 invadentium
409 1305 539 1362 ostendat
554 1322 611 1360 non
628 1307 663 1362 de
677 1309 751 1362 iusto
768 1307 894 1362 exercitu
905 1306 951 1361 hie
965 1306 1021 1377 agi,
1039 1305 1088 1360 vix
1102 1303 1218 1359 dubium
1233 1311 1285 1372 est,

202 1393 268 1463 quin
290 1391 344 1447 hoo
359 1391 557 1462 Fragmentum
573 1390 610 1445 ad
625 1394 728 1448 bellum
746 1391 849 1448 servile
872 1389 1051 1445 referendum
1066 1389 1115 1458 sit,
1139 1389 1186 1443 ubi
1201 1389 1285 1460 pluri-

203 1493 264 1532 mae
279 1478 363 1532 urbes
380 1477 471 1531 subito
489 1476 671 1547 lugitivorum
687 1478 802 1532 ineursu
820 1491 975 1548 oppressae
995 1478 1074 1540 sunt,
1098 1473 1144 1528 oui
1162 1474 1286 1545 expliea-

203 1561 268 1616 tioni
284 1577 374 1633 paene
390 1561 519 1631 singulae
536 1577 623 1616 voees
640 1563 821 1616 conveniunt.
866 1559 955 1616 Simul
966 1559 1106 1630 particula
1121 1559 1196 1612 euim
1216 1557 1287 1612 indi-

202 1653 246 1700 001
260 1646 363 1701 eodem
378 1651 519 1714 tempore,
542 1660 598 1715 quo
614 1647 688 1700 servi
704 1647 733 1700 in
748 1646 864 1700 urbibus
880 1661 913 1700 ao
933 1644 1008 1700 villis
1026 1642 1154 1698 dominos
1171 1642 1286 1698 desere-

202 1733 268 1785 bant
282 1730 435 1799 armatique
452 1729 480 1782 10
496 1745 546 1783 eos
559 1730 710 1798 irruebant,
726 1730 901 1784 extnnseeus
914 1729 1016 1784 multos
1032 1727 1104 1788 alius
1121 1729 1234 1798 generis
1250 1727 1287 1783 ad

203 1831 254 1870 eos
273 1811 455 1868 confluxisse.
501 1813 581 1881 Quae
599 1817 726 1869 immunis
743 1814 882 1870 humbrum
898 1814 938 1870 uis
952 1814 1042 1868 multis
1062 1826 1077 1866 0
1097 1813 1163 1867 loeis
1183 1829 1288 1870 eonve-

203 1900 284 1953 niens
299 1899 445 1952 constabat
460 1904 517 1952 tum
530 1914 566 1952 ex
577 1900 738 1970 pastoribus
750 1904 777 1952 et
787 1898 955 1970 agrestibus,
970 1903 1028 1951 tum
1041 1913 1078 1951 ex
1088 1896 1132 1965 iis,
1149 1899 1195 1967 qui
1210 1899 1287 1968 agris

104 1975 105 1978 ¹
202 1984 276 2054 pulsi
293 1983 336 2050 (v.
351 1981 412 2054 lug.
430 1999 455 2037 e.
470 1982 540 2050 XLI,
550 1987 578 2041 8.
593 1984 640 2039 Fr.
655 1984 676 2052 1,
691 1987 735 2051 45,
753 1989 796 2042 12.
812 1988 840 2036 et
854 1986 929 2047 §.24
947 1982 993 2036 Fr.
1000 1982 1020 2050 l,
1034 1977 1096 2054 49.)
1111 1987 1158 2036 aut
1172 1982 1287 2038 civitate

142 2084 145 2092 ·
204 2068 285 2122 eieoti
302 2064 390 2135 erant,
409 2066 561 2138 dequibus
578 2086 607 2124 v.
622 2069 668 2123 Fr.
685 2085 727 2139 sq.
772 2068 815 2122 Ex
831 2073 886 2122 tum
903 2067 1042 2140 particula
1066 2065 1103 2122 ad
1119 2069 1241 2137 putentis
1261 2073 1289 2121 et

202 2153 309 2223 effusus
323 2153 411 2206 relata
433 2152 596 2224 intelligitur
610 2153 664 2208 hoe
679 2153 877 2225 Fragmentum
892 2150 929 2206 ad
944 2151 1063 2222 primum
1079 2157 1208 2220 spectare
1224 2153 1289 2206 belli

204 2237 317 2292 servilis
333 2243 452 2308 tempus,
469 2253 533 2308 quo,
551 2255 636 2310 quum
652 2255 757 2293 novum
774 2237 867 2293 adhuc
883 2240 959 2292 esset
979 2235 1048 2290 illud
1064 2237 1183 2302 malum,
1205 2239 1288 2293 urbes

203 2323 294 2380 minus
312 2322 365 2377 sibi
379 2329 514 2376 caverent
533 2339 549 2377 a
567 2324 658 2378 subito
674 2323 856 2394 lugitivorum
877 2322 997 2392 impetu3
1017 2327 1117 2392 postea
1132 2321 1224 2388 euim,
1245 2337 1289 2376 se-

205 2406 308 2461 ditione
324 2408 507 2476 pervulgata,
531 2407 636 2462 clausis
651 2425 701 2462 eas
717 2407 814 2478 egisse
829 2407 937 2478 portis,
956 2419 1047 2475 neque
1061 2411 1191 2475 patentes
1207 2412 1234 2460 et
1249 2406 1289 2458 el-

204 2493 281 2545 iusas
304 2491 409 2556 luisse,
435 2506 490 2543 non
507 2495 549 2544 est
570 2491 645 2561 quod
664 2491 832 2546 dubitemus.
877 2490 908 2544 ln
930 2489 1083 2560 Campania
1105 2495 1196 2544 autem
1217 2490 1288 2544 haee

205 2579 268 2628 aeta
282 2591 346 2629 esse
361 2589 413 2643 per
430 2591 461 2628 se
476 2579 563 2645 patet.

289 2659 335 2713 Fr.
351 2662 396 2717 73.
423 2657 509 2726 [Cort.
524 2675 554 2729 p.
567 2663 646 2718 1009.
669 2658 744 2712 Gerl.
760 2658 808 2714 ed.
823 2659 890 2714 mai.
906 2659 961 2713 100.
977 2662 1037 2716 154.
1061 2657 1107 2713 00.
1124 2659 1191 2713 min.
1208 2659 1228 2728 Ι,
1243 2663 1289 2718 81.
1323 2709 1324 2714 ,

204 2747 369 2817 p.196,1a.
400 2743 484 2799 Debr.
501 2744 521 2811 1,
538 2742 594 2818 68.]
638 2743 720 2800 Serv.
743 2745 780 2800 ad
801 2745 882 2816 Virg.
897 2744 971 2798 Aen.
986 2743 1049 2812 1,9.
1092 2742 1289 2815 Fragmentum

203 2828 386 2902 praecedenti
401 2829 581 2897 subiecimus,
594 2829 670 2900 quod
683 2829 878 2900 probabilitate
891 2845 947 2883 non
962 2844 1059 2882 carere
1074 2828 1187 2883 videtur
1203 2829 1289 2900 signi·

204 2915 284 2970 ficari
301 2913 330 2968 id
345 2929 435 2985 genus
452 2913 606 2985 ¹hominum,
630 2915 676 2988 qui
693 2916 776 2969 bonis
793 2913 869 2968 domi
884 2914 998 2968 amissis
1013 2913 1138 2984 lugitivis
1160 2929 1225 2968 sese
1241 2913 1289 2968 ad-

204 3001 361 3072 iungerent.
406 3000 571 3071 Plerumque
594 3001 706 3058 civitate
729 2998 856 3071 expulsis
879 3003 971 3052 bertus
992 2998 1072 3052 loeus
1092 2998 1141 3052 vel
1162 2998 1289 3068 dabatur,

204 3089 251 3141 vel
266 3087 301 3142 ab
318 3085 388 3156 ipsis
404 3085 569 3157 eligebatur,
586 3086 632 3141 ubi
647 3086 762 3140 exilium
779 3089 905 3155 agerent.
925 3083 960 3136 Hi
980 3088 1073 3137 autem
1088 3084 1220 3152 quoniam
1236 3085 1290 3138 lor-

205 3179 288 3227 tnnae
306 3172 450 3243 iniquitate
466 3172 560 3256 ppessi
578 3172 670 3241 patria
692 3170 791 3224 relicta
806 3167 990 3238 quaerebant,
1011 3167 1058 3222 ubi
1076 3169 1159 3222 uitam
1182 3171 1289 3223 000100-

206 3263 305 3326 tareut,
325 3255 401 3311 nullo
424 3260 499 3310 certo
515 3256 598 3310 exilio
612 3255 711 3325 vagari
727 3252 867 3307 dicuntur.

290 3343 337 3397 Fr.
356 3344 399 3398 rt.
424 3338 511 3408 [Gort.
529 3357 558 3410 p.
575 3343 653 3397 1006.
669 3337 744 3392 Gerl.
758 3335 804 3391 ed.
819 3336 886 3391 mai.
902 3335 959 3390 Ino.
974 3339 1018 3394 93.
1034 3336 1080 3390 ed.
1095 3337 1163 3391 min.
1181 3337 1289 3396 10019.

206 3446 234 3500 p.
251 3427 312 3492 237,
329 3429 373 3483 13.
388 3423 472 3478 Debr.
486 3424 531 3494 111,
545 3421 602 3496 90]
626 3423 729 3490 Verba,
751 3420 861 3478 aServ.
880 3420 917 3476 ad
932 3421 1012 3491 Virg.
1028 3421 1101 3476 Aen.
1118 3422 1150 3488 11,
1168 3423 1213 3479 07.
1230 3423 1290 3476 lau-¹

209 3512 283 3579 data,
298 3505 427 3564 eiusdem
442 3513 505 3562 sunt
520 3509 688 3577 argumenti,
704 3513 732 3562 ut
743 3507 855 3578 Fragm.
867 3509 912 3566 tn.
956 3506 1028 3561 Nam
1044 3505 1090 3561 hie
1106 3521 1216 3576 quoque
1232 3507 1291 3578 agi-

209 3604 251 3652 tur
268 3594 303 3648 de
322 3593 448 3665 fugitivis
461 3593 605 3662 inopinato
621 3591 808 3646 calamitatem
825 3593 888 3648 urbi
904 3591 987 3646 alieni
1002 3591 1196 3660 inserentibus,
1211 3591 1290 3646 euius
1393 3581 1395 3586 ’

208 3686 323 3752 apertae
344 3683 440 3733 essent
455 3682 563 3747 portae,
578 3678 685 3747 repleta
702 3693 771 3732 arva
794 3678 957 3732 cultoribus
1002 3676 1094 3743 Quum
1111 3676 1195 3747 igitur
1210 3691 1291 3747 supe·

209 3767 283 3820 riore
296 3764 465 3834 Fragmenta
483 3777 529 3816 res
551 3762 580 3815 in
596 3763 759 3820 universum
781 3767 892 3816 narrata
908 3767 998 3830 esset,
1020 3759 1074 3816 hoe
1098 3759 1133 3814 de
1155 3760 1291 3832 singulari

209 3849 332 3924 quadam
345 3848 413 3902 urbe
431 3845 541 3900 dieitur.
569 3915 570 3918 Ἴ

293 3935 339 3988 Fr.
354 3934 399 3989 75.
430 3930 528 4000 [Deest
547 3947 594 4004 ap.
614 3929 688 3988 Cort.
702 3963 745 3972 --
761 3929 834 3986 Gerl.
851 3929 897 3985 ed.
911 3929 978 3984 mai.
993 3930 1050 3984 100.
1073 3932 1135 3989 187.
1156 3929 1204 3984 00.
1215 3930 1291 3984 min.

209 4019 495 4089 1070000013.
524 4016 607 4080 Debr.
624 4017 671 4086 111,
690 4019 748 4086 80]
793 4015 889 4070 Verba
909 4015 980 4070 libro
1002 4031 1058 4068 non
1083 4013 1205 4069 indicato
1229 4020 1293 4070 sunt

211 4103 286 4176 apud
302 4101 418 4157 Cledon.
441 4117 470 4172 p.
488 4105 565 4162 1916.
586 4101 717 4170 Putseh.,
747 4103 794 4157 ubi
810 4117 862 4171 pro
881 4100 1018 4156 Cossinius
1038 4105 1168 4170 corrupte
1192 4100 1292 4171 legitur

211 4189 358 4255 Cossutius,
374 4191 404 4241 ut
425 4187 513 4242 estin
527 4193 643 4259 utraque
664 4185 711 4243 ed.
729 4188 802 4244 Gerl.
819 4185 971 4240 Luculenta
990 4185 1086 4240 brevis
1105 4185 1216 4256 Fragm.
1232 4185 1292 4239 illu-

211 4274 309 4331 stratio
326 4278 417 4328 exstat
432 4272 508 4344 apud
523 4274 595 4329 Plut.
612 4275 640 4328 in
653 4270 747 4328 Crass.
763 4289 788 4328 0.
806 4273 833 4338 9,
850 4269 926 4324 med.
962 4259 1105 4344 Δεύτερος
1119 4261 1293 4344 ἐκπέμπεται
