3062 4958
428 362 677 421 HISTORIA'RUM
697 363 931 424 FRAGMENTA.
976 367 1042 423 LlB.
1067 367 1114 423 lv.
1243 367 1306 432 325

179 546 375 618 rovindioes
393 547 536 623 affuturi.
589 552 639 620 Τιι
668 575 767 638 vero,
797 553 850 624 cui
876 553 1043 641 Seleucia,
1067 579 1221 630 maxuma
1241 583 1303 630 ur-

219 674 324 761 bium,
348 697 555 768 regnumque
583 674 728 748 Persidis
758 678 887 750 inclutis
911 681 1041 754 divitiis
1055 686 1121 770 ost,
1155 683 1232 776 quid
1262 685 1303 754 ab

218 797 303 884 illis,
330 798 401 893 nisiw
420 801 532 872 dolum
554 798 588 870 in
616 824 794 892 praesens,
823 811 856 877 et
884 813 1003 900 postea
1028 811 1149 882 bellum
1176 829 1303 902 exspe-

176 925 311 996 toctas?
351 925 490 996 Romani
512 949 602 997 arma
623 927 656 996 in
678 929 784 999 omnis
811 931 948 1020 habent,
977 957 1147 1006 acerruma
1170 937 1203 1006 in
1231 958 1300 1022 eos,
1359 929 1366 939 ’

218 1051 336 1144 quibus
365 1051 460 1122 victis
491 1052 599 1144 spolia
626 1076 779 1126 maxuma
799 1062 894 1150 sunt;
916 1062 1068 1131 audendo
1091 1066 1124 1133 et
1155 1063 1300 1133 sallendo

174 1182 248 1248 olet
272 1181 362 1250 bella
377 1201 420 1250 ex
446 1178 540 1248 bellis
562 1180 704 1250 serendo
727 1184 839 1274 magni
862 1187 948 1256 laoli.
987 1185 1051 1256 Per
1069 1186 1156 1258 hunc
1175 1211 1300 1259 morem

215 1302 430 1399 exstinguent
458 1304 582 1390 omnia,
605 1309 661 1375 aut
680 1306 844 1394 occident,
866 1311 954 1402 quod
975 1310 1063 1380 haud
1083 1311 1217 1383 difficile
1236 1317 1297 1399 est,

215 1433 243 1502 si
266 1436 302 1502 tu
327 1430 579 1522 Mesopotamia,
609 1454 671 1502 nos
698 1421 855 1502 Armenia
883 1433 1176 1530 circumgredimur
1196 1459 1298 1506 exer-

214 1558 312 1629 citum
342 1557 413 1627 sine
441 1557 619 1648 frumento,
649 1557 721 1627 sine
749 1559 896 1644 auxiliis,
925 1561 1072 1647 lortuna',
1097 1565 1152 1632 aut
1174 1563 1296 1632 nostris
1335 1632 1336 1636 ,

172 1686 301 1758 avitiis
326 1683 433 1756 adhuc
455 1683 669 1775 incolumem„
705 1685 817 1779 Teque
844 1687 901 1757 illa
926 1689 1013 1757 lama
1036 1693 1211 1781 sequetur,
1232 1712 1297 1758 au-

212 1891 396 1967 capiendum,
419 1907 473 1964 quo
490 1891 567 1946 valet
591 1893 796 1963 eastapare,
783 1893 835 1952 sed
857 1894 990 1950 translate
1013 1895 1154 1968 significat
1174 1893 1296 1952 omuibus

212 1980 287 2037 bouis
305 1984 434 2050 euertere,
451 1976 527 2050 quod
544 1979 698 2034 vernacula
720 1978 821 2034 dicitur
844 1981 979 2050 ruiuiren,
1001 1997 1037 2036 zu
1053 1981 1165 2036 &unde
1180 1981 1294 2037 riualem

211 2097 254 2108 -—
273 2067 440 2130 Nouserua
458 2065 477 2119 i.
493 2063 851 2135 e.1ps1snonsen1ent1a
874 2081 931 2119 nou
947 2066 1083 2121 subrecta

295 2157 321 2216 §-
339 2155 382 2208 18.
399 2163 450 2206 nos
463 2151 584 2219 suspecti
595 2163 689 2204 summ
703 2150 817 2217 aemuli)
832 2148 1018 2205 Grammatica
1033 2149 1132 2205 horum
1143 2152 1293 2206 verborum

165 2264 168 2268 ,
211 2237 282 2292 ratio
303 2235 375 2290 haec
397 2241 454 2306 est,
473 2239 503 2289 ut
523 2233 626 2288 aemuli
640 2248 692 2304 per
706 2235 913 2304 appositionem
928 2235 1065 2297 referatur
1085 2250 1141 2288 non
1168 2235 1205 2290 ad
1227 2235 1292 2290 sub-

210 2323 311 2378 iectum
327 2321 426 2386 solum,
444 2317 494 2374 sed
510 2318 546 2374 ad
564 2319 719 2374 subiectum
732 2335 794 2374 curn
810 2319 971 2390 praedicato
988 2337 1039 2376 suo
1051 2320 1238 2388 coniunctum,
1258 2320 1292 2375 de

211 2421 265 2478 quo
278 2405 464 2477 appositionis
479 2419 592 2476 genere,
610 2403 686 2475 quod
701 2405 861 2484 germanice
872 2405 1009 2477 particula
1023 2405 1067 2461 als
1081 2403 1209 2460 redditur
1211 2406 1292 2478 ,egi-

209 2492 316 2548 musin
335 2492 485 2547 Grammat.
497 2491 544 2545 lat
559 2493 585 2555 §-
602 2495 660 2558 191),
675 2495 700 2548 4
716 2495 814 2550 notit.
835 2507 865 2562 ρ.
878 2493 998 2550 993-
958 2489 1174 2564 -sAffuiuri
1168 2507 1184 2544 ι.
1200 2507 1224 2547 e.
1242 2509 1291 2564 ap-

207 2579 335 2650 pressuri
352 2591 397 2634 eos
419 2581 445 2631 ei
464 2577 664 2648 impupnuturi;
685 2575 720 2631 ci.
743 2576 779 2631 ad
801 2575 880 2633 Catil
899 2591 925 2631 e
943 2575 996 2647 LII,
1015 2580 1057 2636 19.
1079 2594 1107 2649 p
1127 2577 1188 2635 272.
1214 2583 1247 2632 et
1254 2575 1292 2634 ad
1351 2632 1354 2641 ,

209 2664 269 2736 lug.
286 2681 312 2719 c.
326 2665 357 2731 L,
372 2669 400 2720 4.
415 2680 442 2734 p.
457 2665 520 2721 283

293 2753 319 2813 §-
340 2753 382 2807 19
408 2747 546 2814 Seleucia)
577 2746 636 2804 Sita
652 2747 703 2802 luit
718 2746 755 2802 ad
770 2746 886 2818 Tigrim,
902 2743 1091 2804 exadversum
1107 2745 1290 2818 ctesiphonti,

210 2851 227 2889 a
245 2831 366 2888 Seleuco
388 2833 519 2888 Nicatore
536 2831 658 2886 condita.
695 2830 833 2887 Mamurra
846 2831 955 2887 urbium
969 2833 1029 2886 iure
1044 2837 1170 2901 vocatur,
1187 2834 1290 2906 quippe

210 2934 282 2989 quae
296 2923 365 2972 teste
382 2917 471 2972 Plinio
492 2915 527 2970 N.
546 2915 578 2972 Η.
593 2917 641 2983 Vl,
656 2919 700 2974 30.
724 2922 857 2972 sexcenta
873 2917 960 2972 millia
979 2915 1135 2971 incolarum
1153 2917 1290 2990 habuerit,

210 3010 236 3057 et
254 3002 409 3058 secundum
424 3000 589 3058 Strabonem
604 3000 678 3055 XVI.
686 3009 715 3072 p.
726 3003 805 3060 1073.
821 2999 999 3056 onlmelov.
1014 3001 1104 3072 ipsam
1116 3001 1290 3074 Babylonem

208 3086 400 3160 magnitudine
424 3088 608 3157 superaverit.
652 3085 717 3141 Vat.
734 3093 760 3146 1.
787 3086 870 3142 habet
891 3084 1036 3152 Seleucea,
1064 3101 1146 3157 quarn
1171 3089 1289 3142 sormam

209 3174 339 3242 Orellius,
356 3171 428 3228 Gerl.
446 3177 473 3227 et
485 3171 575 3227 Faber
591 3176 768 3244 receperunt.
785 3181 831 3210 '—
850 3169 979 3242 diuitias,
1002 3169 1037 3225 do
1059 3171 1158 3240 quibus
1185 3186 1289 3242 magna

210 3261 283 3314 lama
295 3263 347 3331 est,
356 3259 432 3330 ipsas
445 3255 501 3312 diei
514 3258 697 3314 inclutastam
709 3274 806 3328 parum
820 3263 1010 3313 concurrerunt
1017 3257 1142 3311 Faernus
1152 3256 1289 3327 etDouza,

125 3355 127 3359 ’
170 3379 173 3383 -
208 3350 237 3400 ut
252 3343 298 3399 ille
313 3345 451 3413 iactatum,
464 3343 510 3398 hic
526 3343 645 3399 inclutae
662 3343 745 3399 scribi
760 3343 864 3397 mallet.
880 3369 922 3380 -
943 3341 1038 3397 Verba
1053 3341 1119 3412 quid
1131 3341 1232 3398 abillis
1247 3371 1290 3384 --

208 3435 354 3502 exspectas
371 3429 459 3484 Aras:
472 3446 500 3486 v.
514 3430 691 3500 impraesens
706 3432 802 3500 pm.
817 3424 897 3481 Lino:
915 3443 951 3481 ex
962 3421 1070 3482 ilistor.
1086 3425 1133 3480 [V.
1146 3425 1237 3482 affert.
1246 3457 1288 3468 -

236 3523 238 3528 ⁴
291 3519 316 3581 §-
332 3521 375 3573 at.
394 3513 592 3586 Mesopotamia
602 3547 638 3556 -
656 3513 802 3581 Armenia)
818 3512 850 3566 Hi
865 3513 979 3570 ablativi
991 3529 1027 3568 ex
1042 3513 1289 3594 circumgredimur

206 3600 364 3672 pendentes
383 3617 439 3654 non
457 3601 602 3654 valent-im
620 3597 835 3672 Mesopotamia,
852 3600 888 3652 iu
908 3597 1050 3666 Armenia,
1071 3603 1101 3652 ut
1114 3598 1204 3653 Faber
1220 3600 1287 3668 vult,

207 3685 259 3742 sed
276 3701 309 3742 ea
320 3690 414 3757 parte,
429 3701 487 3756 qua
498 3683 569 3742 Mes.
586 3680 669 3752 esti.
687 3701 712 3738 e.
723 3699 781 3757 per
795 3680 1035 3756 Mesopotamiam,
1045 3697 1103 3755 per
1116 3683 1286 3739 Amneniom.
1332 3723 1333 3726 ,

208 3803 244 3812 —-
261 3773 356 3827 Verba
373 3771 432 3826 stite
446 3769 594 3840 frumento,
609 3771 669 3826 siae
682 3771 795 3827 auxiliis
808 3769 1009 3841 adieclivorum
1024 3770 1111 3824 instar
1128 3773 1199 3837 sunt,
1224 3770 1286 3840 qui·
1339 3808 1346 3814 -

203 3860 256 3914 bus
274 3856 479 3912 substantivum
500 3857 640 3911 exercitas
666 3855 811 3922 delinitur,
840 3853 875 3910 de
902 3871 957 3926 quo
980 3855 1101 3910 attributi
1128 3871 1233 3926 genere
1257 3871 1285 3908 v.

204 3943 326 3998 Graiam.
343 3942 390 3996 lat.
406 3945 493 3995 nostr.
509 3945 535 4006 §-
552 3945 612 4007 120,
628 3947 656 4000 2.
669 3947 726 3997 not.
740 3946 767 4000 6.
782 3957 811 4012 p·
826 3941 888 3999 287.
910 3941 947 3994 oi.
964 3937 1043 3996 Catil.
1058 3957 1083 3995 c.
1100 3939 1148 4009 VI,
1164 3946 1189 3997 l.
1232 3939 1285 3995 Ge-

203 4044 256 4084 nus
270 4027 407 4084 homiuum
429 4027 635 4098 apostasiae
651 4028 801 4100 lapibus,
821 4027 1074 4097 siueimpcrio.
1103 4024 1163 4094 Ing.
1180 4025 1284 4092 cliv,

203 4117 230 4172 6.
259 4112 368 4185 Oppida
385 4111 954 4184 temeremuuitaauisiuepraesidio
969 4113 1053 4183 capii.
1079 4109 1205 4178 LXV,3.
1232 4109 1285 4164 Mi

203 4199 263 4255 lites
272 4200 406 4270 palamiis,
421 4198 547 4267 iuermr's,
565 4198 667 4270 quippe
681 4201 710 4254 iu
724 4199 773 4255 rati
785 4198 829 4255 die
848 4212 883 4252 oc
906 4197 983 4254 siue
1002 4197 1166 4314 imperio,
1185 4209 1283 4269 appre-

204 4282 325 4341 diuntur
341 4285 376 4341 cl.
394 4283 431 4342 ad
446 4284 491 4340 Fr.
508 4283 540 4353 ll,
555 4287 599 4344 13.
