3102 4956
239 355 301 424 196
593 362 622 420 G.
646 357 818 424 SALLUSTI
841 361 956 422 emam

238 553 297 636 tis,
325 569 422 645 quam
446 550 553 620 adhuc
577 551 694 644 agitis,
724 555 835 643 patres
865 551 1058 642 conscripti,
1086 570 1183 645 quem
1208 555 1324 622 contra

240 681 380 748 aetatem
401 677 584 768 proiectum
609 677 650 776 ad
673 678 792 747 bellum
814 676 1057 746 saevissumum
1082 699 1155 747 cum
1176 677 1322 762 exercitu

239 808 374 895 optume
391 803 523 889 merito,
547 806 704 896 quantum
727 807 778 872 est
802 804 835 872 in
865 803 977 890 vobis,
1006 805 1108 890 fame,
1129 804 1323 874 miserruma

240 929 385 1001 omnium
406 933 527 1016 morte,
549 928 746 1000 confecistis,
779 929 849 1000 Hac
869 930 902 1000 in
920 952 980 1021 spe
1001 929 1147 1022 populus
1166 948 1352 1001 romanusa

240 1053 361 1124 liberos
380 1074 462 1124 suos
481 1055 522 1124 ad
541 1054 663 1123 bellum
676 1052 788 1124 misit?
805 1055 887 1124 haec
910 1059 986 1125 sunt
1002 1053 1148 1146 praemia
1168 1073 1230 1146 pro
1245 1051 1324 1122 vol-

240 1181 374 1251 neribus
392 1183 425 1250 et
447 1179 568 1250 totiens
582 1179 624 1248 ob
642 1181 876 1272 rempublicam
894 1182 972 1250 fuso
992 1157 1179 1274 sanguine?
1197 1167 1323 1250 Fessus

239 1389 357 1444 cidisset.
394 1387 475 1459 Virg.
491 1386 563 1444 Aen.
579 1386 626 1455 Xl,
641 1391 702 1447 360.
733 1387 805 1455 occu
819 1391 934 1444 misaca
951 1390 1027 1443 toties
1040 1389 1069 1441 ia
1084 1393 1183 1459 operto
1193 1387 1324 1458 pertenta

240 1476 312 1528 eirea
320 1490 343 1544 p
352 1474 501 1527 reiicis?
518 1473 563 1528 ubi
571 1489 599 1527 v.
612 1471 694 1528 Serv.
705 1499 745 1514 -·
758 1473 860 1531 Fumea
869 1473 1036 1545 praegnanti
1049 1478 1188 1528 sensucst
1200 1473 1324 1528 interiisse

237 1559 315 1631 some
329 1558 452 1629 effectus,
464 1558 516 1612 dea
535 1557 726 1630 Verbuopera,
741 1559 792 1613 der
804 1558 969 1630 Hermertod
975 1582 984 1620 ;
998 1559 1035 1618 oi.
1053 1558 1114 1612 Liv.
1123 1557 1235 1624 XXVll,
1247 1559 1323 1622 ΜΒ.

143 1651 145 1656 ’
239 1641 376 1699 Maiorem
388 1647 501 1714 portem
521 1644 634 1697 militum
650 1642 745 1714 some
763 1659 799 1697 ac
817 1643 940 1715 fragore,
961 1657 1033 1715 quae
1053 1645 1209 1698 ms'seraa'ma
1229 1643 1324 1696 mortis

239 1743 343 1802 genero
360 1733 431 1796 mat,
447 1730 590 1782 amisisset.
635 1727 675 1782 ld.
693 1728 766 1797 XXl,
784 1733 827 1796 ll,
848 1735 889 1786 tl·
927 1727 1026 1796 Licuit,
1049 1732 1076 1782 si
1087 1728 1271 1794 eolumsemtca,
1285 1725 1325 1782 ed

142 1835 145 1844 ·
241 1813 361 1886 Erycem
375 1813 492 1880 clausos,
510 1814 602 1868 ultimo
617 1815 751 1885 supplicio
765 1812 959 1880 bumanorum,
968 1815 1065 1887 fame
1079 1813 1244 1883 inteficere.

326 1903 353 1962 8.
369 1903 395 1955 2.
409 1913 410 1916 ’
439 1897 503 1951 Hoc
518 1899 547 1951 in
560 1899 632 1970 spe)
652 1899 669 1952 i.
685 1917 710 1953 e.
734 1897 789 1953 hoc
808 1914 942 1969 sperans,
965 1915 1087 1970 proquo
1103 1897 1187 1952 etiam
1204 1896 1259 1951 dici
1272 1913 1324 1968 po·

238 1989 309 2038 terat
325 1981 380 2036 itae
390 1995 448 2054 spe,
464 1981 516 2037 sed
531 1983 669 2037 sententia
689 1984 814 2055 paullum
828 1983 945 2039 variata.
988 1982 1137 2040 Ablativus
1153 1982 1232 2037 solus
1248 1981 1323 2036 enim

241 2084 321 2139 spem
344 2066 507 2140 designaret
522 2065 647 2122 mittendi
668 2083 812 2131 caussam·
833 2070 1043 2140 praepositione
1058 2083 1127 2122 vero
1145 2065 1242 2122 addita
1256 2081 1321 2121 eoa-

239 2154 309 2208 dteio
320 2159 347 2209 et
358 2157 445 2208 status
456 2151 622 2220 declaratur,
633 2170 687 2225 qno
699 2154 840 2209 obtinente
854 2155 975 2224 populus
987 2154 1140 2208 exercitum
1151 2152 1235 2219 misit,
1247 2149 1323 2221 quod

240 2253 270 2292 re
286 2237 362 2294 idem
379 2245 431 2306 est,
457 2239 600 2310 cogitandi
617 2240 706 2294 torma
723 2239 883 2306 diversum3
900 2240 935 2293 ci.
953 2239 1043 2294 Hand.
1061 2237 1096 2292 de
1110 2238 1229 2292 Partica.
1252 2236 1322 2290 Latt.

239 2323 304 2378 Vol.
318 2323 362 2378 lll.
376 2329 533 2396 pibbsqq.
566 2325 628 2380 Non
643 2326 745 2379 malum
760 2325 853 2396 igitur,
867 2340 1034 2396 quamquam
1050 2340 1104 2378 non
1121 2321 1323 2388 necessarium,

174 2475 175 2480 ἵ
240 2407 317 2479 quod
332 2409 451 2463 Ursinus
467 2410 587 2463 coniecit
601 2409 715 2464 baetim
732 2423 798 2481 cpc‚·
820 2407 872 2464 sed
889 2411 1054 2480 pessimum,
1079 2406 1155 2479 quod
1170 2407 1248 2462 idem
1260 2421 1323 2476 pro-

239 2493 334 2563 posuit
348 2493 403 2547 irco
416 2495 492 2550 sine
508 2507 568 2564 spe.
589 2523 631 2532 -
653 2495 810 2548 Verborum
825 2508 891 2566 opes
903 2502 928 2548 et
941 2509 1006 2566 apes
1023 2493 1188 2549 sententiam
1203 2491 1322 2546 illustra-

239 2579 332 2632 vimus
349 2576 386 2632 ed
400 2577 459 2648 lug.
481 2595 507 2632 c.
523 2576 605 2646 CVII,
626 2582 652 2647 t,
668 2595 698 2651 p.
713 2581 777 2639 578.
789 2607 834 2619 -
854 2579 893 2633 De
909 2581 1055 2650 particulis
1070 2593 1154 2652 mmm
1166 2578 1276 2632 interim
1292 2593 1322 2632 v.

239 2659 492 2729 &hstab
582 2681 584 2686 ’

325 2751 351 2812 8.
367 2751 394 2805 3.
417 2753 510 2803 utnon
529 2749 644 2802 censeas
664 2763 706 2804 mc
726 2751 810 2805 mecca
831 2751 929 2806 aerata·
944 2748 1108 2821 precatore)
1146 2749 1221 2804 Haec
1235 2749 1323 2802 verba

240 2831 392 2888 Diomedes
412 2849 440 2904 p.
456 2836 517 2894 362.
539 2833 650 2888 Putsch.
671 2851 706 2890 ex
729 2835 849 2892 scatade
870 2833 967 2890 laudat
985 2835 1041 2890 sic:
1072 2839 1165 2891 mrum
1182 2835 1267 2889 wem
1280 2845 1323 2886 me

239 2919 338 2972 cerari
346 2925 497 2991 praestare
511 2919 679 2974 creditis?
723 2918 772 2976 Cui
790 2919 964 2993 grammatici
986 2919 1142 2975 auctoritati
1157 2917 1322 2978 Gerlachius

241 3009 346 3058 tantum
359 3004 464 3072 tribuit,
486 3010 515 3059 ut
531 3021 586 3059 non
601 3004 739 3061 dubitaret
758 3007 785 3061 in
801 3006 892 3061 Praei.
917 3005 963 3061 ed.
979 3005 1044 3060 min.
1059 3021 1089 3076 p.
1106 3003 1232 3060 XXXIV.
1251 3002 1322 3058 haee

241 3089 380 3144 seribere:
411 3089 516 3158 „Multa
535 3089 686 3146 admodum
704 3092 810 3146 incerta
832 3107 897 3145 esse
916 3092 978 3161 ipse
1000 3090 1098 3145 iateor.
1141 3090 1172 3144 ln
1188 3089 1250 3144 aliis
1266 3089 1322 3142 iam

239 3190 313 3230 nunc
328 3175 433 3232 mutavi
448 3176 624 3230 sententiam.
652 3176 779 3246 Pompeii
794 3177 868 3230 enim
884 3176 1010 3246 Epistola
1026 3175 1063 3230 ad
1082 3181 1208 3232 senatum
1225 3173 1321 3229 nescio

240 3275 275 3314 an
291 3262 395 3316 rectius
418 3259 455 3314 ad
478 3261 576 3316 librum
601 3259 757 3315 secundum
780 3260 926 3314 referatur.
969 3259 1112 3316 tiburcius
1127 3261 1200 3322 enim
1216 3277 1244 3330 p·
1259 3263 1320 3318 262.

242 3347 327 3400 verba
342 3351 434 3400 mmm
450 3373 491 3382 --
505 3344 615 3398 creditis
633 3360 669 3398 ex
682 3344 705 3398 ll
721 3343 846 3398 laudat.“
890 3344 1070 3414 Diomedem,
1093 3362 1178 3417 quum
1197 3342 1322 3402 Sallustii

241 3430 329 3482 verba
346 3443 381 3481 ex
397 3428 419 3481 il
436 3428 481 3484 lib.
495 3431 601 3494 citaret,
618 3421 746 3484 codicem
760 3445 816 3483 non
838 3436 902 3486 ante
920 3432 1017 3485 oeulos
1029 3430 1182 3504 babuisse,
1198 3429 1251 3486 sed
1264 3443 1322 3484 me-

241 3513 354 3566 moriter
369 3513 461 3568 locum
477 3511 619 3579 laudasse,
643 3515 796 3569 clarissime
812 3514 975 3587 intelligitur
992 3519 1049 3570 turn
1060 3531 1097 3570 ex
1114 3518 1263 3582 verborum
1278 3530 1322 3567 or-

241 3595 307 3651 dine
321 3613 439 3667 prorsus
456 3599 579 3665 turbato,
601 3605 658 3652 tum
673 3615 709 3654 ex
725 3617 775 3672 eo,
799 3599 875 3670 quod
892 3603 1007 3656 censetis
1026 3602 1054 3655 in
1071 3602 1181 3656 creditis
1195 3599 1320 3656 mutavit.

242 3679 358 3735 Temere
382 3681 645 3754 igitur‘Gerlachius
665 3683 730 3739 huie
751 3686 840 3739 errori
864 3685 987 3756 aliquam
1009 3683 1222 3753 tidemhabui13
1244 3681 1321 3754 quod

242 3781 326 3836 quam
341 3766 528 3822 inconsultum
544 3767 593 3835 sit,
615 3769 676 3839 ipse
690 3769 785 3840 lepido
802 3777 967 3842 argumento
983 3776 1034 3838 est,
1055 3771 1107 3843 ‘qui
1124 3788 1176 3842 pro
1191 3768 1321 3824 Diomede

241 3852 428 3908 nominaverit
442 3850 606 3922 Charisiano,
620 3870 671 3925 pro
687 3855 793 3927 pagina
807 3860 859 3915 362
881 3856 953 3911 falso
970 3856 1115 3926 scripserit
1126 3860 1188 3916 262.
1205 3883 1247 3894 --
1277 3851 1321 3908 Vi·

240 3947 299 3992 cera
315 3939 414 3992 cereri
421 3945 571 4009 precatore
585 3945 628 3994 est
638 3942 719 4036 pucsi
731 3943 839 3996 cerarii
852 3942 909 3996 loco
927 3955 994 4008 ease,
1008 3942 1069 4020 sive
1085 3941 1178 4012 ipsum
1192 3944 1320 4010 sunrptus

243 4022 434 4093 suppeditare,
456 4023 554 4094 quiex
565 4024 678 4080 aerario
698 4025 871 4097 suppeditari
888 4025 1034 4082 debebant.

327 4113 352 4172 8
367 4111 394 4166 l.
411 4111 512 4182 quippe
524 4111 625 4180 pui-
635 4113 754 4183 paravi)
766 4112 806 4165 De
821 4111 966 4168 indicativi
979 4127 1033 4167 usu
1044 4109 1320 4183 postpuippeqai.
1291 4119 1320 4162 v.

239 4191 286 4248 ed
302 4192 380 4249 Catil.
398 4211 423 4250 c.
437 4193 558 4262 XLVlll,
579 4201 605 4254 2.
620 4213 648 4268 p
659 4199 721 4256 219.
736 4203 763 4250 et
779 4197 899 4254 Gramm.
922 4198 968 4252 lat.
984 4202 1071 4251 nostr.
1087 4200 1114 4261 8
1131 4199 1192 4262 145,
1211 4195 1237 4251 7.
1251 4198 1277 4250 2.
1295 4207 1323 4248 c.

238 4285 295 4332 not.
312 4281 356 4338 18.
372 4297 400 4351 p.
417 4286 530 4340 50ου-
548 4280 663 4340 Nomine
683 4282 786 4338 modo'
775 4284 883 4354 imperi,
898 4283 915 4337 i.
932 4299 959 4338 e.
971 4281 1089 4352 imperio
1102 4282 1164 4338 sine
1183 4279 1319 4336 exercitu.
