3062 4958
443 409 688 466 HISTORIARUM
709 407 942 465 FRAGMENTA.
987 408 1053 462 LIB.
1075 407 1121 462 111.
1247 399 1312 465 273

230 593 449 666 amarioribus
474 594 621 664 relictum
647 593 743 662 vobis
763 598 796 663 εΙ
815 593 878 663 hoc
900 617 920 664 a
940 593 1034 664 Sulla
1059 596 1210 685 paratum
1233 615 1309 664 ser-

229 719 343 790 vitium
372 720 419 790 ini
405 725 561 806 i,eressei
584 719 694 790 multis
723 718 800 788 mihi
833 719 1061 790 disserendum
1088 718 1150 790 suit
1182 717 1309 840 dacen-

229 941 320 980 τακον
330 913 466 1019 μεγάλοις
476 917 680 1000 στρατοπέδοις
690 910 923 1000 περιλαβόντος
909 913 1040 998 ορμήοας
1053 908 1155 1018 ομὸσε
1151 915 1202 980 καὶ
1212 910 1310 1020 pappa

229 998 368 1103 συνάψας
388 999 528 1108 ἐκράτησε
547 1001 601 1082 μὲν
620 1007 680 1065 τῶν
699 1005 893 1106 πρεσβευτῶν,
909 1003 994 1102 ἔλαβε
1015 995 1116 1082 titiana
1137 993 1309 1105 ἆπροιιεοην

229 1081 357 1150 ἅπασαν.
392 1082 609 1194 Ώθοομὲνρο
626 1079 655 1148 δ’
664 1082 764 1171 auspi
787 1109 877 1167 προς
896 1078 959 1160 τὰς
976 1083 1122 1158 ’Ἄλπεις
1142 1083 1308 1159 Κάσσιος

228 1163 421 1274 ὁτῆςπερὶ
443 1167 575 1234 Πάδον
590 1149 784 1246 Γαλατίας
805 1164 1012 1252 στρατηγὸς
1033 1169 1127 1271 ἔχων
1150 1172 1309 1272 papiana

229 1281 248 1316 α
256 1251 431 1358 πήντησε·
448 1256 498 1317 nai
508 1249 720 1337 γενομένης
677 1280 772 1336 μαχης
782 1253 940 1338 κρατηθεὶς
952 1254 1002 1316 καλ
1012 1247 1138 1328 πολλονς
1149 1246 1309 1336 αποβαλοῖιν

228 1334 312 1418 μόλις
326 1332 413 1413 αοτὸς
428 1338 556 1421 ἐξέφνγε.
584 1347 658 1400 Flor.
672 1346 718 1414 ΙΙΙ,
734 1351 777 1414 20,
794 1352 838 1404 10.
868 1344 1024 1415 Spartacus
1038 1345 1116 1415 apud
1129 1344 1307 1400 MutinamC.

229 1429 318 1485 Cassii
329 1437 424 1485 castra
438 1431 541 1486 acient
574 1430 654 1486 Oros.
671 1429 705 1498 V,
719 1435 765 1488 23.
802 1429 954 1485 DenincC.
975 1431 1098 1485 Cassium
1113 1430 1308 1501 proconsulem

227 1515 298 1570 εἰΙοοι
313 1513 467 1586 Spartacus
479 1529 643 1586 oppressum
660 1514 727 1570 balta
743 1515 888 1587 interfecit.

312 1599 403 1667 Haec,
427 1600 493 1654 olim
515 1600 633 1671 scripta,
657 1600 712 1653 iani
733 1600 871 1671 impressa
893 1604 986 1665 erant,
1007 1613 1092 1668 quum
1115 1559 1258 1652 Casselius
1273 1596 1308 1652 V.

229 1684 282 1738 D.'
277 1684 451 1755 ingeniosam
473 1685 527 1739 loci
545 1683 689 1754 desperati
707 1683 934 1739 emendationem
950 1698 1059 1737 mecum
1082 1681 1307 1750 communicavit,

230 1785 312 1839 quam
325 1785 383 1824 non
406 1785 530 1840 possum¹
544 1769 611 1840 quin
633 1768 679 1823 hic
703 1768 861 1824 sublicium.
892 1766 1017 1824 coniecit
1039 1765 1114 1820 enim
1136 1781 1154 1820 a
1174 1765 1306 1823 Sallustio

229 1854 362 1924 scriptum
379 1853 481 1907 fuisse:
504 1855 575 1907 citra
590 1851 699 1908 Pastum
720 1853 843 1908 omnibus
863 1853 911 1908 lan
930 1853 1072 1907 Licinia
1091 1849 1222 1923 fraudi
1243 1850 1306 1924 suit,

228 1954 262 1992 ea
287 1940 374 1994 verba
397 1953 532 2008 perquam
553 1944 633 1992 acute
654 1937 690 1992 ad
709 1939 899 2000 narrationem
922 1950 1087 2010 caussarum
1104 1935 1170 1991 belli
1192 1936 1306 1992 saclalis

228 2023 362 2078 reserens.
386 2022 465 2090 Quae
480 2022 643 2093 simpliciter
657 2022 758 2077 dicitur
779 2023 829 2078 iem
850 2022 969 2090 Licinia,
993 2018 1175 2091 intelligenda
1196 2026 1239 2075 est
1259 2020 1306 2075 Li-

228 2109 301 2161 cinia
315 2113 341 2162 st
355 2105 459 2174 Mucia,
475 2107 530 2161 lata
545 2123 571 2162 a.
587 2111 630 2164 95.
647 2123 672 2160 a
689 2105 753 2161 Chr.
767 2123 794 2160 n.
811 2106 870 2160 aL.
885 2106 991 2160 Licinio
1004 2103 1107 2159 Crasso
1122 2111 1149 2158 et
1163 2103 1197 2182 Q.
1212 2104 1306 2162 Mucio

229 2189 368 2246 Scaevoia
381 2207 473 2257 coss,
492 2190 527 2244 de
544 2203 599 2260 qua
620 2191 655 2245 ci.
678 2190 735 2246 Cic.
753 2206 779 2260 p.
799 2188 909 2244 Cornel.
932 2190 977 2244 Fr.
995 2195 1038 2247 10.
1060 2187 1159 2259 Lapam
1173 2187 1306 2243 Liciniam

228 2280 255 2328 et
267 2273 389 2329 Muciam
403 2274 437 2328 da
449 2274 551 2329 ciaibm
565 2275 695 2346 repandis
709 2273 784 2329 video
804 2281 932 2328 scrutare
947 2275 1019 2328 inter
1033 2286 1140 2339 omnes,
1155 2289 1238 2343 qurum
1252 2273 1306 2328 dua

205 2381 207 2384 ·
228 2360 352 2414 consulas
366 2360 499 2424 omnium,
518 2373 585 2430 quas
595 2359 723 2425 uidimus,
734 2359 927 2430 sapientissimi
938 2359 1070 2426 tulissent,
1082 2371 1138 2412 nan
1152 2357 1230 2412 mado
1244 2359 1305 2414 aa·

228 2443 298 2497 tiicm
321 2443 372 2498 sad
391 2444 639 2516 perniciosam
660 2443 888 2514 reipublicae
910 2443 1043 2516 saissa·
1058 2440 1095 2496 ad
1110 2457 1193 2513 quern
1214 2442 1305 2497 laeum

228 2528 370 2583 Asconius
386 2545 415 2599 p.
432 2531 476 2586 67.
491 2525 575 2584 Oretl.
590 2527 662 2584 haec
677 2527 834 2582 annotavit:
856 2527 889 2583 L.
907 2528 964 2584 Lic.
985 2526 1117 2582 Crassum
1134 2534 1159 2582 st
1178 2524 1211 2594 Q.
1227 2523 1304 2582 Mna.

229 2611 387 2688 Scaevolam
405 2645 443 2656 -
459 2613 600 2684 sipnificat.
626 2613 668 2668 Hi
680 2614 752 2668 cuim
766 2614 850 2685 tapam
860 2626 935 2682 eam,
951 2613 985 2667 dc
999 2627 1054 2683 qua
1068 2611 1195 2684 taquitur,
1210 2611 1245 2666 da
1259 2625 1305 2666 rs-

226 2699 321 2768 pendis
336 2700 365 2752 in
381 2699 435 2753 sua
448 2698 554 2752 ciuitate
568 2699 664 2766 sauss,
683 2700 712 2752 in
730 2711 780 2752 sna
800 2699 944 2752 aemulata
963 2697 1091 2752 tulerunt.
1110 2724 1153 2734 —
1180 2695 1307 2752 Varum
1354 2698 1358 2709 “

228 2783 428 2853 catapoita
452 2782 607 2836 alienati
627 2782 735 2836 animi
756 2787 836 2836 sunt
855 2782 1065 2853 principum
1083 2778 1307 2852 italiae-par

223 2866 405 2935 pulcrum,
427 2873 460 2920 ut
485 2878 524 2918 sa
549 2865 603 2919 rat
627 2867 782 2919 maxima
806 2880 916 2920 causa
942 2865 1030 2921 belli
1051 2862 1191 2932 Italici,
1214 2864 1307 2936 quad

223 2951 515 3018 posttrienninm
530 2954 778 3017 scortumst,
792 2947 913 3019 fucrit.
935 2949 981 3004 Ad
999 2947 1119 3003 eandem
1134 2949 1225 3020 legem
1241 2965 1306 3020 spe·

229 3033 379 3087 materiam
397 3031 454 3088 Cic.
470 3049 496 3103 p.
512 3031 584 3088 Sest.
600 3038 652 3102 13,
667 3038 712 3092 30.
729 3033 774 3088 ubi
791 3048 818 3087 v.
836 3031 932 3088 Schol.
949 3033 1018 3087 Bab.
1033 3049 1061 3102 p.
1081 3036 1142 3093 296.
1160 3032 1262 3102 Orati,
1278 3040 1305 3087 et
1347 3097 1348 3100 ρ
1371 3048 1373 3052 ’

229 3117 265 3171 de
279 3116 333 3173 off.
349 3117 401 3184 111,
418 3123 465 3186 ΙΙ,
481 3108 524 3176 it.
548 3117 595 3174 ubi
616 3119 650 3174 ci.
671 3117 764 3172 Beier.
782 3134 810 3188 p.
831 3119 892 3174 264·
919 3116 977 3172 lam
997 3118 1085 3171 verba
1104 3118 1175 3172 citra
1195 3116 1304 3171 Padum

227 3201 362 3271 amnibus,
378 3203 478 3273 quibus
500 3203 618 3257 fortasse
638 3202 794 3274 praecessit
815 3201 920 3256 Italicis
940 3201 987 3258 vel
1009 3202 1104 3268 sacis,
1130 3207 1225 3271 aperte
1249 3199 1304 3256 hoc

228 3287 402 3358 significant,
419 3287 497 3341 illam·
509 3288 601 3358 legem
618 3287 655 3342 ad
671 3302 768 3343 omnes
785 3281 878 3342 socios
898 3285 1008 3341 Italicos
1031 3300 1119 3356 usque
1143 3285 1180 3339 ad
1199 3284 1305 3341 Padurn

228 3372 465 3442 pertinuissa‘ita
485 3378 514 3426 ut
535 3372 693 3444 quicunque
714 3373 743 3426 in
765 3375 821 3427 tota
837 3371 915 3424 ltalia
931 3387 1019 3442 usque
1037 3368 1073 3424 ad
1093 3369 1124 3424 id
1139 3368 1243 3424 flumen
1258 3387 1305 3424 es-

229 3463 292 3510 sem
311 3456 422 3528 populi,
443 3456 477 3511 ei
496 3463 673 3526 tenetentum
697 3455 890 3528 Transpadani
910 3456 999 3514 enim.
1020 3456 1124 3526 quippe
1140 3454 1216 3526 apud
1232 3471 1304 3527 quos

221 3541 276 3595 ἸΙΙο
292 3547 416 3610 tempore
438 3541 626 3611 raraeadhuc
644 3547 741 3606 essent
762 3541 904 3609 coloniae,
928 3555 1019 3611 neque
1042 3538 1107 3594 dum
1125 3540 1245 3597 civitatis
1265 3540 1304 3594 ita

229 3631 309 3680 erant
320 3624 431 3695 cupidi,
447 3631 477 3679 ut
492 3620 579 3680 Italici
594 3643 706 3695 omnes,
727 3642 818 3698 neque
838 3627 910 3681 hanc
927 3625 1017 3696 ipsam
1036 3626 1071 3679 ab
1092 3641 1223 3684 caussam
1239 3623 1305 3678 belli

167 3759 168 3762 ,
229 3709 342 3765 socialis
357 3715 436 3764 erant
448 3710 609 3781 participes.
632 3712 743 3767 Frandi
754 3725 814 3766 csse
833 3711 918 3766 alicui
940 3709 1079 3782 significat
1098 3709 1304 3776 Ιποοοιοιοάαοι,

200 3831 201 3834 =
228 3797 373 3862 damnum,
388 3793 576 3850 detrimentum
589 3796 679 3866 affere
693 3798 790 3857 alicui·
804 3796 839 3850 ci.
856 3795 913 3863 ¹Cic.
928 3795 999 3866 Epp.
1018 3793 1055 3849 ad
1069 3794 1174 3850 Famrn.
1191 3793 1251 3861 VII,
1259 3797 1304 3860 λδ,

228 3871 255 3937 a.
273 3879 334 3934 Lex
349 3880 531 3950 sumptuaria,
546 3893 617 3950 quae
631 3881 735 3935 udatur
750 3869 882 3954 λιτότητα
896 3881 1031 3948 attulisse,
1047 3893 1080 3933 ea
1098 3879 1165 3933 miiri
1177 3878 1306 3949 fraudi

226 3963 307 4035 fuit.
330 3956 372 4018 l'd.
386 3964 458 4034 Epp.
477 3962 513 4018 ad
534 3963 616 4018 ΑΙΙΙο.
634 3964 674 4032 V,
696 3970 745 4032 nl,
767 3972 811 4024 12.
834 3965 884 4020 Fit
901 3965 1178 4030 senatusconsultum,
1194 3967 1225 4016 ut
1237 3975 1305 4018 naas

229 4045 401 4116 Salaminiis,
420 4061 486 4102 neas
501 4049 548 4120 qui
563 4050 601 4102 cis
616 4049 745 4118 aruisset,
760 4049 890 4122 fraudi
909 4055 1008 4104 esset.
1038 4045 1079 4102 Id.
1094 4046 1214 4118 Philipp.
1230 4047 1304 4113 Vlll,

230 4133 278 4200 ll,
295 4137 341 4191 33.
360 4131 413 4200 Qui
426 4133 460 4187 ab
477 4133 564 4190 armis
578 4131 809 4188 discesserint,-
828 4135 874 4188 iis
893 4133 1065 4204 fraudins
1077 4133 1135 4200 sit,
1151 4132 1225 4204 qumi
1242 4143 1304 4186 cum

230 4213 270 4268 M.
286 4217 400 4272 Antania
413 4217 527 4290 fuerint.
544 4233 573 4273 v.
590 4222 721 4272 annotata
737 4218 774 4274 ad
789 4219 867 4276 Catil.
879 4215 1005 4285 XXXVI,
1019 4223 1045 4274 2.
1062 4217 1119 4270 Lex
1130 4217 1234 4272 Licinia
1249 4215 1302 4285 igi·
1317 4254 1321 4270 .

232 4305 274 4352 tur
291 4299 373 4368 quum
394 4301 500 4356 dicatur
515 4305 643 4360 omnibus
658 4303 727 4358 citra
738 4304 844 4360 Padum
861 4303 951 4358 fraudi
972 4303 1075 4367 tuisse,
1098 4317 1199 4358 sensus
1214 4300 1304 4371 Frag-
1390 4324 1392 4329 v

274 4400 400 4440 sarrusrr
416 4403 519 4442 saecu.
1060 4380 1098 4443 18
