3096 4962
463 343 512 402 Ab
533 343 731 402 ERNESTUM
742 340 1069 402 WUESTEMANNUM.
1235 354 1324 404 mx

193 526 374 606 planissima
402 525 433 588 in
463 525 602 589 ordinem
633 525 766 604 recepit,
795 523 868 598 elia,
900 539 958 601 per
985 540 1020 585 sc
1049 523 1150 588 minus
1178 527 1322 604 obscura,

193 629 331 708 pessime
362 629 560 708 intelligendo
596 629 626 692 in
659 629 793 692 alienum
827 630 931 690 locum
960 625 1105 701 detorsit,
1137 627 1210 704 alia,
1243 647 1323 707 quae

193 737 324 808 propter
345 733 511 795 verborum
538 730 768 810 ambiguitatem
789 736 841 791 aut
867 731 928 793 late
955 735 1110 806 patentem
1136 747 1263 794 sensum
1282 733 1322 793 ad

194 833 307 892 multas
338 848 389 894 res
413 835 491 896 trahi
515 840 667 913 possunt,
696 834 761 908 bis,
789 840 853 907 ter,
877 838 1001 909 quater,
1028 831 1171 910 adeoque
1196 833 1321 911 saepius

193 933 314 1011 posuit,
344 938 456 1012 quovis
483 941 554 1002 loco
582 935 718 998 Sallustii
743 951 865 996 manum
892 953 927 998 se
954 932 1128 997 restituisse
1153 933 1323 998 incredibili

194 1035 321 1098 stultitia
343 1039 497 1116 opinatus.
544 1041 593 1104 Ad
607 1057 685 1117 quas
704 1037 926 1118 perversitates
945 1054 1039 1112 quum
1058 1036 1143 1098 haud
1162 1044 1322 1114 postrema

193 1137 272 1200 haee
298 1141 478 1224 accederet,
512 1144 597 1220 quod
629 1143 772 1218 neglecta
799 1139 1070 1216 grammaticorum
1098 1138 1129 1202 in
1158 1140 1321 1204 laudandis

194 1237 280 1301 libris
308 1243 491 1307 auctoritate
515 1245 637 1322 singula
653 1245 838 1322 Fragmenta
862 1259 925 1304 non
954 1259 992 1304 eo
1014 1241 1091 1303 libro
1115 1241 1230 1316 retulit,
1259 1261 1321 1320 quo

196 1341 280 1418 apud
305 1341 485 1408 Sallustium
513 1341 710 1424 legebantur,
736 1345 795 1408 sed
814 1361 935 1409 summa
956 1343 1081 1406 libidine
1110 1361 1146 1409 ea
1169 1346 1263 1408 modo
1291 1345 1321 1407 in

80 1451 82 1454 ·
196 1442 290 1516 hunc,
315 1445 411 1506 modo
434 1447 564 1512 inillam
585 1447 948 1525 transpadanorum
970 1463 1004 1511 rc
1027 1446 1126 1508 omnis
1146 1446 1259 1509 veritas
1272 1448 1322 1508 vel

199 1543 316 1606 ordinis
336 1544 466 1612 instituti
481 1555 538 1614 ⁴vel
567 1547 780 1630 explicationis
802 1549 895 1614 initae
924 1549 1049 1616 tollitur.
1085 1549 1233 1632 „Denique
1255 1547 1323 1627 ipsa

196 1646 402 1712 Historiarum
430 1653 526 1716 verba
556 1661 617 1718 tam
638 1651 752 1716 vitiose
776 1651 929 1726 exhibuit,
955 1651 1113 1714 veteribus
1139 1651 1322 1730 corruptelis

196 1769 257 1812 non
283 1753 377 1814 modo
398 1771 460 1829 non
486 1743 618 1836 amotis,
636 1756 697 1836 sed
719 1754 859 1837 plurimis
883 1761 914 1816 et
936 1754 1080 1833 pessimis
1105 1754 1195 1818 novis
1215 1755 1323 1832 depra-

196 1842 372 1918 vationibus
402 1857 511 1935 illatis,
547 1867 581 1920 ut
613 1859 674 1920 hoc
704 1875 831 1936 quoque
862 1858 986 1922 nomine
1017 1858 1083 1920 eius
1110 1873 1207 1936 opera
1232 1855 1323 1932 Frag-

193 1957 307 2020 mentis
343 1959 537 2026 Sallustianis
572 1961 727 2039 impertita
761 1961 867 2025 inlelix
900 1969 932 2024 et
966 1977 1097 2040 prorsus
1130 1959 1324 2020 infructuosa

197 2061 334 2138 putanda
353 2061 404 2130 sit.
449 2065 535 2142 Opus
566 2064 633 2127 eius
665 2063 774 2141 gallice
808 2064 957 2142 scriptum
987 2063 1029 2126 ita
1056 2061 1246 2124 inscribitur:
1274 2060 1326 2122 Hi·

197 2163 293 2224 stoire
316 2165 355 2231 de
376 2167 404 2226 la
426 2164 609 2254 re'publique
631 2166 785 2244 romainc,
815 2168 893 2228 dans
921 2169 950 2231 le
981 2184 1075 2230 cours
1105 2167 1147 2227 du
1174 2163 1324 2242 septi'eme

198 2265 323 2342 siecle,
336 2283 393 2344 par
413 2267 565 2330 Salluste:
586 2285 624 2330 en
647 2267 745 2346 partie
766 2268 898 2330 traduite
921 2269 964 2335 du
985 2269 1058 2332 latin
1082 2287 1136 2330 sur
1158 2265 1335 2344 l’original;¹

121 2421 123 2426 .
198 2387 236 2430 en
258 2353 357 2447 partie
377 2367 504 2432 re'tablie
527 2376 558 2430 et
577 2369 747 2450 compesce
768 2389 822 2434 sur
844 2374 890 2434 les
913 2374 1084 2450 bagmans,
1111 2369 1164 2450 qui
1188 2375 1262 2458 sont
1279 2385 1324 2430 re·

198 2469 263 2534 stes
292 2473 330 2532 de
364 2491 417 2536 ses
445 2473 538 2535 livres
561 2476 695 2552 perdus,
728 2473 821 2536 remis
846 2492 886 2536 en
912 2478 1005 2538 ordre
1033 2477 1111 2540 dans
1138 2477 1206 2536 leur
1234 2474 1323 2550 place

198 2573 345 2638 ve'rilable
375 2595 416 2640 ou
450 2579 478 2638 le
507 2579 579 2656 plus
610 2576 857 2638 vraisemblable.
893 2581 944 2640 Ill.
966 2580 1052 2640 Tom.
1093 2579 1124 2638 4.
1164 2573 1184 2638 a·
1220 2575 1323 2651 Dijon,
1440 2657 1444 2665 ⁸

201 2677 290 2762 1777.
335 2680 445 2740 Tribus
478 2679 567 2750 annis
600 2684 689 2754 post,
717 2678 888 2742 Debrossio
916 2679 977 2742 iam
1010 2687 1148 2755 mortuo,
1185 2695 1224 2740 ex
1257 2677 1323 2738 eius

198 2781 322 2842 schedis
349 2783 479 2844 Divioue
500 2781 684 2860 prodierunt
705 2781 775 2858 ipsa
793 2783 978 2859 Fragmenta
994 2783 1101 2860 latina,
1125 2780 1233 2845 ordine
1255 2796 1324 2842 cum

198 2882 315 2942 maiore
334 2900 429 2960 opere
448 2891 592 2944 accurate
606 2883 831 2967 congruentia,
852 2885 999 2948 brevibus
1016 2885 1143 2948 scholiis
1164 2885 1323 2960 illustrata,

199 2991 230 3044 et
259 2985 416 3062 locorum,
444 2985 503 3048 ubi
517 2985 601 3062 apud
621 2984 838 3060 grammaticos
866 2988 1021 3062 leguntur,
1043 2988 1143 3048 indice
1164 2985 1324 3048 instructa.

153 3100 156 3108 ’
199 3088 296 3167 Quem
325 3087 451 3162 librum,
478 3103 517 3148 ex
536 3105 598 3164 quo
630 3085 776 3148 universa
799 3086 960 3148 Debrossii
985 3087 1063 3148 ratio
1100 3088 1118 3148 i.
1152 3105 1325 3148 asumma

198 3191 387 3270 perversitas
407 3189 586 3269 planissime
607 3206 644 3250 ac
666 3191 761 3250 multo
778 3188 896 3250 facilius
919 3206 1012 3265 quam
1037 3205 1076 3250 ex
1098 3187 1208 3264 gallico
1230 3203 1325 3263 opere

200 3295 413 3372 cognoscitur,
450 3313 544 3373 quum
579 3293 610 3356 in
646 3293 808 3354 Germania
843 3290 1022 3356 rarissimus
1058 3299 1159 3367 essct,
1199 3291 1325 3369 ignotus

200 3381 324 3475 quidam
353 3398 548 3475 germanicus
563 3398 692 3470 editor,
716 3396 807 3472 isque
834 3394 928 3457 homo
959 3396 1070 3456 doctus
1095 3395 1235 3473 quidem,
1267 3393 1325 3454 sed

200 3508 308 3570 tamen
322 3502 492 3563 admodum
515 3503 632 3576 fatuus,
658 3499 777 3562 scilicet
798 3515 938 3574 magnum
961 3499 1030 3560 inde
1051 3501 1082 3558 bc
1103 3500 1245 3560 historiae
1264 3500 1326 3558 cul-

199 3611 276 3664 tores
293 3603 429 3678 fructum
445 3606 684 3682 redundaturum
704 3621 767 3665 esse
788 3605 930 3676 confisus,
959 3615 987 3658 a.
1014 3597 1325 3678 recumpensatione

201 3705 328 3771 curavit.
860 3766 863 3770 ,
1013 3702 1015 3706 ’

283 3807 384 3878 Venio
410 3823 493 3870 nunc
521 3806 560 3866 ad
582 3811 776 3882 postremum
800 3803 951 3880 omnium,
981 3805 1033 3884 qui
1052 3807 1236 3883 Fragmenta
1263 3805 1326 3868 edi-

197 3911 327 3984 derunt,
349 3907 542 3976 Gerlaehium
556 3905 777 3974 Basileensem.
822 3907 878 3985 Qui
894 3925 989 3985 quum
1011 3907 1041 3970 in
1063 3907 1179 3970 maiore
1196 3925 1324 3986 operum

202 4011 460 4074 Sallustianorum
479 4010 630 4084 editione,
648 4007 735 4072 cuius
751 4011 822 4072 Vol.
835 4013 857 4070 1.
876 4027 958 4072 anno
978 4009 1068 4072 1823.
1085 4011 1210 4090 prodiit,
1226 4012 1326 4071 Praei.
1379 4071 1381 4074 .

201 4135 232 4194 p.
256 4117 308 4178 IX.
332 4115 394 4177 hoc
420 4114 584 4190 protessus
613 4119 718 4187 esset,
743 4109 894 4190 imprimis
923 4111 983 4174 sibi
1017 4129 1110 4176 curae
1141 4111 1254 4186 luisse,
1291 4116 1326 4171 ut

200 4219 385 4294 Fragmenta
403 4214 597 4276 emendatius
617 4217 797 4289 ederentur,
824 4215 865 4276 ad
893 4232 961 4276 eam
985 4233 1051 4278 rem
1074 4215 1220 4276 sulficere
1239 4216 1325 4272 ratus
1365 4260 1367 4264 .

201 4326 264 4395 est,
296 4319 323 4381 si
356 4318 509 4382 Carrionis
539 4317 648 4381 ordine
679 4323 799 4378 retento
835 4319 924 4380 locos
951 4315 1235 4395 grammaticorum,
1273 4310 1326 4372 ubi
