3102 4956
242 413 304 481 162
614 413 645 472 C.
668 411 842 472 SALLUS'I'I
863 411 980 471 CRISPI

241 603 276 672 in
297 601 349 672 his
372 599 512 674 miseriis
538 605 656 675 cuncta
676 623 730 672 me
747 622 824 670 cum
852 602 986 674 iorluna
1005 597 1195 670 deseruere.
1225 596 1333 674 Prae*

242 733 334 800 terea
354 727 527 814 senectus,
558 747 678 821 perse
705 725 840 820 glarie,
864 747 977 796 curam
999 724 1160 816 duplicat,
1190 721 1243 794 cui
1266 723 1333 798 mi·
1427 717 1429 722 ’

245 874 338 938 sero,
360 852 433 920 acta
455 853 519 922 iam
537 855 663 939 aetate,
685 875 727 922 ne
747 853 886 921 mortem
900 849 1032 944 quidem
1052 850 1226 920 honestam
1248 869 1332 939 spe·

244 999 318 1048 rare
343 973 427 1046 licet.
461 973 543 1044 Nam
564 974 593 1044 si
616 976 779 1068 parricida
806 975 912 1063 vostri
940 998 1031 1062 sum,
1062 978 1094 1045 et
1120 974 1171 1044 bis
1197 971 1362 1068 genituss

246 1192 313 1240 tum.
327 1212 371 1224 -
401 1180 535 1240 senectus
544 1194 602 1252 per
615 1197 646 1238 se
657 1185 766 1257 pavis,
785 1197 841 1253 qua
855 1198 951 1238 curam
967 1183 1021 1240 sibi
1039 1182 1177 1254 duplicari
1193 1182 1232 1238 ait
1246 1179 1336 1254 Getta,

246 1286 303 1326 non
321 1269 404 1324 nimis
427 1269 521 1324 stricte
538 1283 626 1324 sensu
646 1267 785 1341 capienda
802 1273 862 1336 est;
883 1269 996 1340 proprie
1013 1269 1088 1326 enim
1105 1285 1194 1324 senex
1209 1267 1266 1324 diei
1279 1283 1336 1326 non

245 1356 344 1428 potuit,
360 1354 407 1426 qui
419 1359 477 1410 tum
488 1367 578 1408 annos
593 1359 675 1412 natus
687 1361 766 1410 esset
779 1369 883 1409 novem
897 1358 925 1408 et
939 1353 1143 1426 quadraginta3
1159 1355 1195 1410 el.
1208 1353 1335 1410 Fischeri

246 1440 333 1496 Tahb.
348 1438 478 1494 chronol.
497 1437 562 1494 hist
578 1455 648 1502 rom.
666 1456 694 1511 p.
713 1441 773 1498 147.
790 1443 817 1492 et
833 1437 964 1496 Ellendtii
982 1440 1052 1496 Hist.
1069 1441 1143 1510 eloq.
1159 1455 1229 1496 rom.
1247 1442 1274 1504 S.
1290 1440 1334 1498 29.

247 1533 305 1582 not.
323 1528 370 1586 84.
385 1541 414 1596 p.
434 1525 479 1583 78.
496 1523 543 1578 ed.
559 1523 593 1580 lI.
629 1523 749 1580 Videtur
769 1524 853 1595 Igitur
869 1522 962 1595 Cotta,
987 1525 1035 1597 qui
1056 1541 1125 1582 sane
1141 1541 1199 1580 non
1215 1523 1336 1596 amplius

247 1611 359 1668 iuvenis
375 1615 466 1678 esset,
488 1618 697 1680 praematuram
713 1614 885 1666 senectutem
901 1625 936 1664 eo
951 1611 1070 1668 consilio
1088 1624 1336 1676 commemorasse,

248 1695 389 1768 utpome
407 1693 631 1750 misericordiam
646 1710 680 1749 eo
698 1695 808 1752 facilius
823 1703 1024 1752 commoveret.
1043 1725 1086 1738 -
1121 1694 1173 1754 Ovi
1185 1695 1284 1752 reterri
1300 1691 1337 1750 ad

249 1777 438 1854 supplendum
452 1795 609 1850 pronomen
622 1777 690 1835 milri
703 1780 753 1836 vix
770 1784 828 1848 est,
844 1777 922 1850 quod
935 1787 1093 1838 moneatur.
1113 1810 1150 1822 -
1189 1782 1242 1836 Pro
1258 1785 1337 1835 aeta

249 1868 305 1922 iam
320 1869 419 1932 aetate,
437 1862 513 1935 quod
528 1881 627 1920 omnes
642 1863 727 1921 codd.
743 1870 862 1933 urentur,
880 1863 976 1922 CarrIo
992 1866 1104 1938 scripsit
1117 1871 1265 1923 senecta
1282 1867 1338 1920 ium

249 1955 351 2020 aetate,
368 1955 460 2019 ratus,
484 1949 560 2022 quod
575 1949 694 2007 Servius
709 1949 746 2006 ad
761 1950 842 2021 Virg.
857 1949 931 2005 Aen.
945 1951 1001 2026 XI,
1021 1956 1081 2012 165.
1117 1951 1281 2008 Sallustium
1296 1965 1339 2006 re-

251 2039 304 2091 lert
317 2035 362 2090 his
381 2035 476 2092 verbis
491 2052 573 2092 usum
588 2051 668 2105 esse,
690 2052 728 2092 ca
745 2052 802 2092 non
822 2034 936 2090 aliunde
954 2053 1039 2108 quam
1056 2053 1093 2092 ex
1112 2036 1166 2093 hoc
1187 2038 1251 2092 loeo
1272 2051 1338 2094 esse

251 2122 409 2193 desumpta.
457 2119 516 2178 Sed
542 2127 572 2176 ut
599 2127 742 2178 taceamus
774 2121 868 2176 multis
897 2122 960 2178 aliis
982 2123 1053 2178 Iocis
1078 2123 1204 2179 vitorum
1228 2125 1339 2179 senecta

250 2211 306 2263 iem
321 2213 410 2262 aetate
423 2207 595 2262 mentionem
612 2206 688 2263 inlici
702 2208 846 2280 potuisse,
861 2223 919 2262 non
934 2209 1025 2264 solum
1037 2207 1169 2264 codicum
1185 2208 1337 2262 auctoritas

252 2293 394 2350 Carrionis
410 2293 565 2364 scripturae
582 2291 757 2363 adversatur,
776 2292 829 2348 sed
844 2293 927 2348 etism
942 2292 1012 2364 hoc,
1032 2294 1109 2364 quod
1123 2295 1186 2365 ipsa
1202 2291 1340 2348 sententia

252 2384 367 2450 propter
378 2377 555 2448 praecedens
569 2385 694 2434 selectus
706 2378 810 2434 misere
827 2379 951 2450 languet.
993 2380 1086 2447 Quare
1102 2379 1235 2448 Orellius‚
1248 2377 1339 2434 Faber

255 2469 283 2518 et
295 2461 466 2518 rGerlachius
482 2463 511 2516 in
526 2460 572 2517 ed.
591 2463 658 2518 min.
675 2469 750 2518 reete
766 2463 932 2534 scripturam
950 2479 966 2517 e
981 2461 1081 2520 Servio
1097 2465 1212 2536 petitam
1225 2459 1339 2535 repudi-

254 2552 344 2604 arunt.
376 2545 564 2602 Nihilominus
586 2545 773 2605 DoederIInus
794 2548 822 2602 in
844 2546 1002 2620 Synonpm.
1027 2549 1338 2620 Lat.v01.1v.p.sl.

255 2632 378 2703 aliquam
393 2631 419 2686 ei
433 2630 520 2688 tidem
534 2633 659 2688 tribuens
675 2633 797 2690 coniecit
810 2633 856 2688 cui
867 2633 986 2703 meiero,
1006 2637 1099 2706 seni,
1120 2639 1201 2690 acta
1221 2634 1278 2688 iaus
1294 2645 1340 2688 ae·

255 2722 326 2786 tete,
350 2731 424 2788 qnae
442 2717 606 2774 coniectura
627 2717 768 2790 ingeniosi
795 2717 958 2788 ceteroquin
981 2723 1008 2772 et
1032 2718 1229 2792 circumspecti
1251 2717 1339 2774 criIIcl

256 2818 341 2874 quum
356 2802 431 2858 omni
447 2801 629 2860 fundamento
646 2802 826 2871 destituatur,
843 2803 942 2858 merito
957 2803 1054 2859 inlelir
1067 2804 1194 2877 putanda
1209 2809 1261 2860 est

340 2891 366 2954 §-
388 2893 415 2948 3.
446 2888 598 2962 parricide
617 2889 716 2957 wstrt)
755 2888 796 2944 De
819 2888 848 2944 vi
867 2888 1019 2962 permerito
1040 2891 1120 2946 vocis
1136 2909 1165 2948 v.
1183 2889 1220 2946 ad
1237 2887 1297 2944 Cet.
1313 2903 1339 2942 c.

255 2973 366 3042 xxxi,
379 2977 406 3032 8.
419 2989 449 3045 p·
464 2977 525 3032 149.
559 2973 633 3042 Quid
655 2973 734 3030 Cotta
753 2973 897 3046 parricidii
920 2974 1035 3030 erimine
1057 2974 1103 3031 hic
1125 2975 1242 3048 intelllgi
1263 2973 1341 3040 velit,

256 3061 318 3132 Ipse
334 3059 515 3130 sequentibus
532 3061 626 3118 verbis
641 3060 707 3118 deos
721 3062 834 3132 penam
844 3088 886 3102 -
896 3061 959 3117 cilia
974 3059 1061 3116 habeo
1075 3061 1233 3124 accuratIus
1248 3058 1342 3115 decla-

256 3152 316 3214 rat;
339 3161 426 3216 quare
449 3151 475 3200 et
493 3146 632 3216 particula
646 3145 846 3217 explicativam
860 3145 919 3202 vim
934 3145 1033 3214 hebet,
1058 3144 1093 3200 de
1111 3161 1168 3217 qua
1182 3161 1211 3200 v.
1228 3143 1266 3200 ed
1281 3141 1342 3200 Get.

256 3230 334 3298 XIX,
350 3237 376 3287 2.
392 3247 421 3302 p.
436 3235 480 3290 92.
496 3259 539 3270 —
576 3230 699 3285 GenIIIvi
719 3231 805 3284 vostri
816 3229 952 3286 rationem
969 3231 1171 3286 illustravimus
1185 3228 1224 3286 ad
1238 3227 1300 3284 Cat.
1314 3245 1340 3283 c.

257 3314 386 3382 XXXIII,
404 3319 430 3370 ὓ.
448 3331 476 3385 p.
493 3317 545 3373 154
560 3331 601 3385 sq,
616 3341 659 3352 -·
681 3313 742 3370 ns
753 3315 872 3386 peciam
888 3331 919 3371 se
937 3314 1015 3372 Cotta
1030 3315 1107 3385 dicit,
1127 3315 1193 3387 quia
1206 3313 1343 3372 adversa-

258 3399 361 3452 riorum
379 3399 590 3456 factione-anno
604 3402 648 3458 90.
662 3415 687 3454 a.
701 3397 764 3454 Cirr.
778 3416 806 3454 n.
821 3400 851 3454 In
867 3401 981 3457 erilium
993 3403 1092 3474 pulsus
1107 3405 1171 3457 octo
1186 3401 1267 3456 annis
1277 3403 1343 3471 post
1423 3416 1427 3421 ·

259 3483 288 3537 in
304 3482 422 3552 patriam
435 3488 585 3538 revocatus
607 3485 711 3552 luerat,
734 3491 762 3539 ut
779 3484 871 3541 reditu
886 3503 938 3542 suo
955 3487 1035 3556 quasi
1051 3487 1151 3542 iterum
1166 3491 1249 3543 natus
1263 3483 1343 3539 vide·

260 3571 345 3635 retur,
360 3583 455 3639 quum,
470 3568 517 3639 qui
535 3567 647 3623 civitate
664 3575 800 3638 carerent,
816 3571 866 3626 vix
880 3578 1093 3629 numerarentur
1107 3571 1179 3628 Inter
1192 3558 1285 3628 vivos.
1300 3567 1343 3626 Si-

259 3651 360 3708 militer
375 3649 472 3708 CIeero
493 3651 529 3708 de
552 3669 584 3708 se
598 3654 733 3725 quuitur,
754 3671 838 3726 quum
860 3656 889 3710 In
903 3656 1021 3726 patrIam
1035 3662 1111 3712 esset
1125 3659 1285 3723 restitutum
1304 3652 1342 3708 el.

259 3737 330 3808 Epp.
347 3735 385 3794 ad
400 3737 484 3792 Attic.
500 3737 553 3806 IV,
569 3743 599 3805 l,
618 3745 688 3794 extr.
718 3741 878 3809 Alterius
891 3743 984 3798 citae
997 3741 1135 3814 quoddam
1149 3744 1255 3798 mitium
1267 3739 1343 3795 ordi-

260 3839 334 3879 mur.
345 3821 391 3880 Id.
406 3822 443 3878 ib.
458 3822 507 3892 VI,
523 3827 549 3892 6,
565 3827 637 3879 extr.
653 3823 928 3881 coimmundos
942 3841 986 3882 me
1002 3827 1041 3882 ad
1053 3827 1221 3900 mopiam
1236 3827 1342 3890 coeant,

261 3923 321 3967 rem
334 3924 352 3962 α
365 3907 457 3976 acle,
467 3913 497 3962 ut
508 3922 557 3980 epo
572 3909 708 3980 arbitror,
726 3915 846 3984 prepter
855 3910 932 3966 donc
945 3910 1170 3988 subnectentes
1186 3917 1343 3969 nostrum

260 3993 527 4066 emneplipendam.
563 3994 605 4049 Id.
622 4011 652 4066 p.
667 3995 728 4050 red.
745 3997 775 4057 in
789 3995 858 4052 Seu.
873 4002 922 4066 11,
938 4001 982 4058 at.
1013 3995 1096 4054 Illum
1109 3998 1181 4056 dmm
1195 3998 1230 4054 Ρ.
1245 3997 1344 4053 Lentu·

262 4079 306 4132 Ivs
321 4078 388 4134 mim
405 4079 546 4152 fracique
560 4094 620 4136 meo
636 4081 780 4154 idemque
798 4083 901 4138 metite
919 4089 1004 4140 nete
1013 4084 1077 4151 lem
1091 4086 1234 4141 metuet.
1266 4083 1344 4140 cere:

263 4178 323 4218 rum
342 4165 448 4235 pereites
466 4164 643 4237 partiprium
664 4165 710 4222 hic
730 4165 834 4223 habere
853 4167 913 4226 VIm
933 4168 1138 4226 enuncieticnis
1158 4170 1343 4226 concessivae

262 4249 290 4304 In
310 4254 442 4319 promptu
459 4255 511 4306 est.
530 4277 566 4288 —
603 4250 659 4308 Hic
677 4255 768 4308 utrum
790 4251 953 4322 sImplieiter
976 4254 1030 4309 loci
1047 4258 1213 4324 potestatem
1232 4254 1344 4322 habeat,

262 4339 291 4388 ut
306 4333 341 4387 sit
351 4334 381 4388 in
394 4333 463 4393 urbe
476 4333 576 4406 noma,
587 4351 624 4392 an
639 4335 674 4390 de
689 4341 813 4408 tempore
829 4353 864 4392 ac
883 4351 976 4392 rerum
991 4335 1160 4393 condIcioue
1175 4337 1281 4394 dietum
1296 4351 1344 4396 vs-
