3102 4956
219 344 283 412 224
581 351 611 408 C.
634 351 808 410 SALLUSTI
829 351 943 410 CRlSPI

320 545 372 610 40.
414 537 459 608 Se
486 537 558 610 eius
584 559 687 629 opera
707 561 774 610 non
798 561 954 628 usurum,
979 562 1120 634 eumque
1145 539 1187 610 ab
1207 541 1307 611 armis

217 664 356 735 dimittit.

320 796 372 860 41.
415 787 561 872 Quarum
579 811 678 858 unam
693 789 867 881 epistulam
884 794 969 861 forte
988 815 1063 864 cunr
1083 813 1183 862 servo
1198 792 1305 860 nancti

217 917 433 1008 praedatores
452 914 621 986 Valeriani
643 915 818 1008 scorpione
845 918 877 988 in
900 921 1008 988 castra
1033 917 1162 988 misere.

220 1141 270 1180 cur
282 1123 360 1180 Cotta
375 1125 401 1178 ei
418 1127 602 1191 irasceretur,
623 1123 695 1180 haec
713 1127 777 1193 luit,
801 1127 877 1197 quod
892 1134 962 1182 teste
975 1127 1145 1196 Quintiliano
1160 1127 1195 1195 V,
1210 1130 1252 1193 13,
1264 1130 1304 1185 l'l.

219 1211 255 1264 de
278 1211 392 1265 militum
413 1211 525 1265 cibariis
548 1209 709 1265 detraxerat
731 1219 758 1266 et
778 1216 931 1268 exercitum
953 1211 1100 1284 largiendo
1121 1228 1302 1282 corrumpere

219 1296 372 1350 studuerat.
406 1295 446 1350 Ob
465 1295 537 1350 haec
555 1293 657 1350 delicta
673 1296 749 1358 haud
767 1296 851 1354 dubie
866 1299 1022 1370 gravitera
1043 1295 1120 1352 Cotta
1142 1298 1302 1368 increpatos

219 1383 427 1452 castigatusque
450 1382 505 1434 telo
528 1396 591 1436 eum
613 1383 742 1452 appetiit,
766 1390 814 1438 aut
838 1390 912 1439 certe
934 1383 1087 1454 appetiisse
1113 1385 1301 1454 arguebatur;

217 1483 281 1520 nam
304 1483 362 1529 rem
385 1467 520 1520 incertam
543 1466 631 1520 luisse
650 1483 706 1521 non
730 1470 820 1522 solum
842 1485 877 1522 ex
894 1467 1019 1526 Sallustii
1036 1469 1130 1523 verbis
1152 1467 1301 1538 colligitur,
1327 1471 1332 1475 ’

219 1551 270 1606 sed
287 1553 370 1605 etiarn
387 1569 423 1604 ex
442 1550 585 1606 Ciceronis
600 1549 766 1607 detensione
781 1560 872 1624 patet,
895 1552 930 1608 de
946 1569 1001 1624 qua
1017 1554 1129 1620 Quintil.
1146 1553 1182 1619 V,
1199 1559 1240 1617 10,
1259 1555 1302 1610 60.

217 1637 289 1692 haec
311 1635 411 1691 habet:
442 1636 545 1704 „Facit
565 1635 620 1690 hoc
642 1635 739 1692 Cicero
760 1655 812 1708 pro
832 1637 937 1710 Oppio:
964 1638 1074 1707 Utrum,
1097 1654 1179 1710 quum
1198 1638 1301 1692 Cottam

217 1724 379 1792 oppetisset,
403 1737 440 1775 an
457 1737 539 1792 qnnm
558 1721 618 1790 ipse
633 1735 663 1776 se
678 1729 827 1777 conaretur
841 1725 979 1790 occidere,
1004 1725 1085 1778 tetum
1100 1726 1127 1778 ei
1145 1737 1161 1778 e
1174 1714 1299 1778 monibus

218 1812 341 1877 ereptum
357 1806 438 1860 est?“
466 1805 512 1859 Ad
526 1805 644 1858 eandem
663 1808 704 1861 rei
721 1809 928 1878 ambiguitatem
944 1814 1053 1878 spectat
1068 1809 1153 1864 etiarn
1169 1809 1238 1862 alter
1255 1806 1299 1862 Ci-

219 1891 330 1946 ceronis
345 1891 424 1945 locus
440 1906 457 1942 a
473 1890 642 1958 Quintiliano
658 1893 767 1960 allatus,
786 1893 821 1960 V,
839 1897 881 1961 13,
897 1899 941 1954 30.
955 1895 992 1948 At
1004 1895 1076 1948 enim
1089 1910 1144 1949 non
1158 1894 1302 1948 emisimile

218 1982 259 2031 ert
279 1981 382 2031 tentum
397 1977 486 2030 scetus
501 1973 546 2054 M.
560 1975 662 2030 Cottam
677 1991 737 2032 esse
753 1985 946 2034 commentum!
970 1977 1061 2045 Quid?
1088 1979 1141 2034 boc
1157 1979 1302 2033 verisimile

192 2117 195 2123 ,
219 2067 271 2131 eat,
294 2065 397 2116 tnntnm
419 2061 509 2116 scetus
525 2060 641 2132 Oppium
658 2077 718 2117 esse
737 2068 883 2119 conatum?
911 2063 968 2120 Sed
990 2063 1055 2119 licet
1073 2064 1170 2120 Cicero
1191 2063 1301 2118 clientis

220 2147 263 2202 sui
278 2149 384 2202 crimen
403 2145 602 2218 quovismodo
618 2153 770 2202 extenuare
789 2149 939 2217 studuerit,
962 2149 1040 2205 Cotta
1061 2155 1210 2206 certarem
1227 2147 1301 2202 adeo

219 2249 304 2304 aegre
319 2233 393 2301 tulit,
416 2239 446 2287 ut
464 2231 583 2303 Oppium
598 2235 632 2287 ab
649 2235 773 2289 exercitu
788 2241 962 2302 removeret;
985 2235 1021 2289 cl.
1038 2235 1150 2307 Fragm.
1165 2237 1299 2304 sequens

219 2323 246 2372 et
263 2318 343 2372 Dion.
361 2315 442 2373 (lass.
459 2317 585 2386 XXXVI,
606 2321 650 2376 23.
676 2317 737 2373 Τοῦ
758 2303 789 2394 γ’
811 2301 866 2374 οὖν
887 2309 1000 2376 Κόττον
1020 2319 1073 2374 τοῦ
1093 2307 1228 2394 Μάρκον
1248 2304 1301 2374 τὸν

218 2395 273 2476 μὲν
291 2397 398 2476 ταμίαν
419 2393 575 2458 Πούπλιον
586 2391 715 2459 Ὄππιον
741 2396 791 2458 ἐπί
808 2419 838 2458 τε
859 2395 964 2482 δώροις
989 2398 1040 2460 καὶ
1068 2397 1126 2460 ἐπὶ
1155 2397 1301 2481 ὑποψίᾳ

219 2481 422 2562 ἐπιβουλῆς
444 2473 752 2560 ἀποπέμψαντος,
773 2505 840 2544 nr.
856 2480 894 2543 ts

303 2573 350 2626 Fr.
365 2576 409 2629 40.
436 2569 522 2645 [Cori.
538 2588 567 2642 p.
584 2576 661 2631 1006.
678 2573 752 2628 Gerl.
769 2573 814 2627 ed.
831 2575 896 2628 mai.
916 2575 973 2630 lnc.
988 2579 1034 2633 83.
1051 2573 1097 2628 ed.
1111 2574 1178 2628 min.
1198 2573 1244 2641 lll,
1256 2579 1299 2630 50.

219 2675 248 2729 p.
266 2661 326 2726 218,
341 2663 384 2715 20.
402 2656 485 2712 Debr.
502 2657 537 2729 V,
552 2653 609 2730 om]
639 2657 751 2731 Fragm.
769 2658 823 2713 hoc
839 2675 923 2730 quum
939 2658 1068 2716 aServio
1086 2659 1122 2714 ad
1133 2659 1214 2729 Virg.
1226 2658 1300 2712 Aen.

220 2742 278 2810 Xll,
291 2746 354 2801 844.
378 2743 416 2798 ita
436 2741 585 2798 afferature
619 2741 796 2812 „Sallustius
820 2743 855 2798 de
877 2744 986 2815 Appio,
1016 2745 1061 2800 ubi
1088 2759 1151 2798 eum
1174 2741 1252 2798 Cotta
1273 2743 1300 2796 in

219 2829 395 2886 contentione
411 2831 445 2884 ab
466 2828 591 2884 exercitu
612 2832 689 2900 cogit
711 2829 881 2898 abscedere,
911 2829 977 2884 dic'it
995 2843 1025 2884 se
1040 2831 1098 2884 eins
1114 2842 1201 2899 opero
1217 2830 1299 2894 etc.“,

220 2915 248 2967 in
264 2914 393 2970 omnibus
408 2913 533 2971 Sallustii
548 2913 624 2981 edd,
646 2921 765 2987 excepta
781 2915 966 2971 Gerlaclriana
982 2916 1097 2984 minore,
1114 2915 1196 2968 etlam
1213 2915 1300 2968 verba

225 2997 275 3055 Ubi·
293 3013 354 3055 enm
370 3000 443 3057 Cotta
462 3031 505 3040 —
526 2999 590 3055 dicit
603 2999 685 3056 simul
701 2999 891 3056 cumrelicuis
906 3017 958 3070 pro
974 2999 1151 3056 Sallustianis
1167 2998 1302 3053 exhiben-

107 3096 110 3102 ·
218 3090 270 3139 tur.
309 3084 367 3142 Sed
383 3086 476 3144 Servii
497 3103 531 3142 ea
545 3103 609 3142 csse
630 3091 687 3141 turn
703 3087 766 3158 ipsa
781 3086 1036 3152 orationis'torma,
1065 3092 1122 3140 tum
1146 3083 1301 3138 sententiae

217 3172 287 3226 ratio
306 3172 439 3228 ostendit.
471 3172 542 3227 Nam
564 3187 648 3242 quum
665 3170 800 3241 Virgilius
817 3187 886 3225 usus
908 3177 985 3225 esset
1000 3171 1095 3225 verbis
1115 3169 1248 3224 dimittere
1266 3167 1302 3222 ab

218 3256 319 3328 armis,
349 3257 480 3324 Servius,
509 3263 537 3311 ut
557 3259 691 3327 probaret
710 3254 825 3326 proprie
851 3255 889 3310 ita
911 3257 1064 3328 scriptores
1086 3256 1115 3309 in
1135 3271 1166 3310 re
1188 3253 1300 3308 militari

218 3343 310 3412 loqui,
333 3341 458 3398 Sallustii
475 3343 635 3412 exemplum
653 3338 748 3407 affert,
773 3345 835 3394 ante
849 3340 972 3395 breviter
987 3341 1132 3412 explicans
1147 3355 1203 3410 qua
1219 3354 1300 3393 occa-

219 3427 298 3480 sione
322 3432 417 3481 auctor
438 3427 519 3481 istam
544 3424 692 3479 dictionem
717 3423 888 3495 adhibuerit,
912 3442 944 3481 ac
971 3441 1084 3482 sensum
1108 3425 1243 3479 formulae
1266 3423 1301 3478 ob

218 3513 305 3566 armis
323 3511 455 3566 dimittere
469 3511 565 3566 verbis
582 3509 616 3563 ab
634 3512 759 3566 exercito
773 3513 844 3584 cepit
858 3511 1007 3566 obscedere
1020 3512 1173 3566 illustrans
1206 3507 1299 3576 Quare

217 3596 281 3652 dicit
298 3613 419 3668 quoque,
442 3590 622 3650 aGerlachio
639 3601 797 3663 servatum,
821 3595 1009 3652 abiiciendum
1024 3597 1081 3664 est,
1105 3597 1208 3668 quippe
1224 3592 1299 3664 quod

218 3683 265 3737 vel
286 3681 407 3736 maxime
431 3679 468 3736 ad
484 3679 576 3736 Servii
598 3683 684 3736 verba
702 3681 851 3752 pertineat.
882 3680 1011 3737 Ceterum
1027 3680 1206 3738 Sallustianis
1226 3681 1298 3733 laiso

218 3773 315 3822 assuta
329 3766 466 3837 particula
481 3765 546 3820 inde
561 3782 578 3820 a
593 3763 726 3822 Carrione
744 3766 906 3822 foedissime
924 3785 957 3822 eo
975 3766 1130 3822 deformata
1144 3771 1200 3832 est,
1224 3760 1299 3835 quod

217 3867 268 3924 pro
287 3851 361 3908 Cotto
375 3853 404 3906 in
421 3853 596 3921 contentione,
613 3867 685 3922 quae
701 3853 937 3909 verbauniverso
954 3853 1016 3908 loco
1034 3853 1126 3906 lucem
1141 3847 1300 3913 effundunt,

218 3938 311 4009 inepte
329 3938 458 3992 scribitur
473 3942 526 3992 tota
541 3938 671 4005 contione,
695 3937 771 4009 quod
786 3939 909 3994 refutare
926 3954 983 3992 non
998 3953 1069 4008 opus
1088 3942 1141 3992 est.
1171 3936 1225 3989 Pro
1240 3933 1299 4006 Ap-

212 4025 262 4094 pio
284 4029 377 4077 autern
399 4021 475 4094 apud
495 4021 625 4080 Servium
648 4023 828 4079 scribendum
854 4040 918 4079 csse
943 4021 1029 4094 Oppio
1050 4021 1205 4077 clarissime
1226 4022 1302 4090 patet

218 4125 253 4163 ex
273 4109 328 4175 iis,
350 4124 423 4178 quae
445 4108 481 4163 ad
498 4110 544 4164 Fr.
559 4113 604 4168 39.
627 4109 844 4178 disputavimus.
880 4108 1066 4163 Nihilominus
1088 4105 1240 4162 Debrossio
1265 4104 1303 4157 ita

218 4193 336 4266 ineptire
353 4194 466 4265 placuit,
489 4201 527 4262 ut,
550 4195 680 4266 quamvis
697 4191 797 4248 Servio
813 4195 955 4264 inspecto,
978 4209 1035 4248 non
1053 4194 1143 4248 solum
1159 4191 1303 4262 vulgatam

217 4284 308 4336 textus
331 4278 560 4351 depravationem
580 4285 726 4349 sequatur,
751 4277 801 4333 sed
821 4281 904 4333 etiam
920 4294 972 4348 pro
989 4277 1067 4332 Cotta
1089 4277 1237 4331 substituat
1250 4273 1303 4327 Lu-
