3062 4958
414 364 663 426 rusrournuua
685 365 920 424 nuncnuura.
960 367 1027 422 ue.
1050 367 1108 447 ru.¹
1246 362 1309 428 115

225 555 476 642 verberabatur,
510 557 567 624 aut
595 553 788 626 immutilato
821 575 960 646 corpore
986 552 1135 647 improbo
1163 555 1309 648 patibulo

224 681 371 751 emiuens
397 681 606 772 affigebatur.

329 812 380 880 49.
423 805 584 882 Demissis
611 805 737 898 partem
756 805 850 902 quasi
872 803 1000 880 tertiora
1018 803 1179 876 antennis.
1231 881 1234 888 ,

227 1045 311 1103 Recte
326 1047 400 1102 eninr
415 1045 524 1104 (lortius
539 1045 612 1104 vtatt
625 1047 778 1122 imbrobum
789 1047 849 1104 'dici
860 1047 1022 1120 patibulum,
1040 1046 1116 1118 quod
1131 1045 1311 1106 adhiberetur

227 1132 264 1188 ad
280 1133 448 1205 supplicium
466 1133 667 1206 improbem,
691 1134 710 1189 i.
722 1151 749 1189 e.
768 1149 915 1190 servorum
931 1136 1013 1204 atque
1035 1133 1206 1188 abiecturum
1221 1133 1309 1191 horni-

222 1233 301 1272 num.
344 1217 384 1274 De
398 1217 453 1276 hoc
470 1219 584 1276 dicendi
600 1237 662 1286 usu,
680 1221 726 1290 qui
742 1221 770 1274 In
786 1237 819 1274 eo
835 1219 965 1288 cernitur,
982 1223 1011 1274 ut
1025 1217 1195 1276 adiectivunr
1219 1219 1310 1276 locum

227 1304 363 1359 sustineat
378 1305 555 1373 substantivi,
572 1303 640 1360 iilud
657 1304 837 1372 declarantis,
849 1303 877 1359 in
892 1321 947 1376 quo
962 1305 1037 1359 notio
1054 1303 1167 1358 alterius
1184 1305 1312 1361 substan-

225 1388 275 1448 tivi
293 1393 433 1458 versatur,
447 1391 602 1448 luculenter
615 1389 924 1463 egitNaegclsbachius
941 1389 976 1446 de
989 1389 1057 1446 Arte
1073 1387 1156 1444 latiae
1168 1389 1309 1447 scribendi

226 1477 252 1539 i·
269 1478 313 1542 18,
326 1477 353 1532 d·
369 1491 397 1546 p.
414 1479 457 1534 59.
475 1477 512 1532 ei.
528 1473 585 1531 Cio.
604 1475 675 1548 Epp.
693 1474 731 1531 ad
747 1475 852 1532 Femm.
868 1476 903 1557 Y,
928 1479 969 1543 19,
984 1480 1008 1532 1.
1051 1471 1115 1528 Meo
1129 1472 1228 1530 alato
1244 1476 1313 1531 nibil

226 1559 265 1614 od
285 1564 359 1614 taam
373 1561 608 1632 provinciale
627 1559 797 1634 officium
817 1560 885 1616 addi
891 1565 992 1633 potest,
1015 1559 1033 1614 i.
1049 1575 1076 1612 e.
1092 1557 1129 1613 ad
1144 1558 1268 1618 affictum
1283 1563 1311 1618 ia

221 1645 369 1716 moobtcic
383 1661 401 1700 a
417 1649 442 1700 te
453 1645 523 1702 milri
533 1647 707 1718 praeabum.
744 1646 785 1702 Id.
805 1647 841 1703 ib.
856 1645 899 1716 III,
914 1652 939 1706 8.
954 1649 998 1705 99.
1030 1643 1207 1700 Hortensium
1221 1661 1326 1720 roae&

225 1735 255 1785 at
268 1729 302 1784 rie
317 1729 372 1785 icoc
384 1733 569 1788 scatentia
584 1731 673 1787 bima
688 1731 810 1800 decedat,
827 1732 845 1786 i.
863 1747 889 1786 e.
905 1731 941 1788 de
956 1730 1095 1787 sententia
1106 1731 1268 1802 prouinciae
1281 1733 1311 1790 ia

224 1815 376 1880 secandam
392 1831 499 1874 canam
511 1817 578 1873 milri
588 1817 808 1891 proroyaadae.
829 1817 888 1872 LIv.
905 1819 952 1888 Vl,
967 1821 992 1886 4,
1009 1822 1049 1876 to.
1090 1813 1178 1884 Quaem
1192 1817 1310 1890 oppida*

224 1901 396 1958 aureoeclem
416 1903 560 1976 iatearo
581 1917 691 1975 reaper
711 1905 911 1960 certamini·
927 1905 1056 1976 paraus
1071 1901 1162 1974 fessos
1175 1903 1310 1972 obirem,

227 1985 244 2040 i.
260 2001 287 2040 c.
303 1987 447 2043 certamini
462 1989 658 2062 dominicani.
680 2017 724 2030 -
742 1989 900 2046 Patebalam
915 1988 960 2044 hic
977 1986 1142 2061 significare
1159 2003 1270 2047 atacem
1284 1996 1311 2044 et

225 2072 333 2127 notavit
347 2073 465 2142 NonIus,
482 2081 510 2130 et
523 2079 600 2146 potet
614 2087 650 2130 ax
667 2073 835 2147 afficebatar
851 2075 948 2130 verbo.
959 2103 994 2114 --
1004 2073 1168 2129 liminensi.
1183 2091 1210 2146 q.
1227 2076 1311 2132 subli-

227 2156 291 2224 mis,
310 2173 346 2212 ex
360 2159 416 2214 alto
426 2159 613 2231 conspicuas.

256 2269 257 2274 .
310 2243 356 2298 Fr.
372 2243 532 2312 lutumst
549 2243 627 2316 apud
644 2242 729 2312 Cart,
745 2241 819 2298 Gerl.
836 2241 881 2298 ed.
899 2244 969 2300 mei.
980 2248 1008 2298 et
1022 2242 1104 2298 Debr.
1119 2271 1161 2286 *—
1177 2244 1249 2301 Gerl.
1265 2246 1310 2302 ed.

226 2327 291 2383 min.
315 2327 363 2396 IV,
378 2327 417 2404 9.]
460 2329 657 2402 Fragmentum
678 2345 778 2390 reeens
800 2328 910 2384 accedit
931 2345 968 2386 ex
986 2326 1071 2384 Aras.
1095 2328 1158 2386 cod.
1184 2328 1256 2385 ilud.
1280 2349 1309 2388 v.

221 2421 362 2486 partap.
375 2419 439 2488 253.
454 2414 581 2472 Lindem.
611 2416 665 2470 Ite
685 2413 811 2488 fugitivis
827 2413 955 2487 intelligit
973 2412 1146 2483 Gerlachius,
1167 2415 1310 2474 traiectum
1412 2449 1414 2462 ·

227 2500 255 2554 ia
272 2498 398 2556 Siciliam
412 2503 580 2558 tentantibus
596 2502 646 2570 (ct.
664 2516 749 2574 supra
763 2499 807 2559 Fr.
821 2503 865 2560 99.
880 2501 953 2569 30.);
970 2499 1023 2556 sed
1040 2515 1125 2571 quum
1140 2499 1194 2571 illi,
1211 2501 1258 2572 qui
1274 2517 1310 2557 ne

225 2583 314 2642 iustas
330 2585 442 2658 quidem
463 2587 600 2644 haberent
614 2593 704 2656 rates,
733 2585 852 2643 navibus
874 2600 992 2657 prorsus
1013 2591 1157 2655 carerent,
1184 2588 1310 2658 proiecta

227 2676 365 2728 antennas
382 2671 528 2730 demittere
547 2691 601 2730 non
616 2678 773 2745 potuerunt.
818 2671 887 2728 Mihi
901 2672 973 2729 haec
988 2687 1099 2744 quoque
1116 2673 1201 2728 verba
1219 2672 1255 2729 dc
1270 2673 1311 2746 pi·

227 2755 294 2812 ratis
312 2755 386 2814 dicta
400 2749 545 2827 uidentur,
569 2775 688 2830 quorum
709 2759 831 2830 uIIquam
851 2773 978 2830 pugnem
993 2758 1040 2816 vel
1056 2759 1273 2814 exscensionem
1294 2777 1311 2815 a

227 2839 360 2897 Sallustio
377 2844 517 2898 narratam
535 2861 599 2900 esse
615 2843 745 2899 conticiu.
766 2839 837 2898 Nam
849 2843 903 2899 illis
919 2841 990 2914 ipsis
1004 2843 1096 2910 annis,
1110 2844 1157 2914 qui
1171 2843 1227 2900 hoc
1241 2845 1312 2902 libro

228 2923 416 2996 continentur,
431 2929 485 2984 i.e.
497 2933 542 2990 70.
555 2933 582 2983 et
596 2933 640 2996 69.
653 2945 678 2984 a.
688 2927 753 2984 Chr.
768 2943 807 2994 n.,
822 2927 1005 2984 vehementer
1019 2927 1199 2985 recruduisse
1208 2933 1309 2987 melum

226 3010 451 3082 latrociniorum,
477 3029 562 3086 aegre
577 3013 671 3084 paullo
694 3017 758 3070 ante
774 3027 986 3086 compressum,
1007 3014 1168 3086 intelligitur
1188 3031 1225 3072 ex
1239 3015 1310 3073 Livii

226 3096 300 3168 Epit.
316 3095 437 3155 XCVIII.
479 3097 656 3155 L'Metellas
664 3102 791 3172 procia,
807 3099 837 3152 ia
851 3097 945 3154 Sicilia
961 3098 1096 3156 aduersas
1109 3101 1222 3171 piratas
1239 3117 1310 3173 pro·
1422 3126 1425 3130 ·

225 3197 309 3254 spere
322 3197 382 3240 rem
395 3185 487 3257 amsii.
519 3183 703 3242 Successerat
722 3187 816 3240 autern
834 3185 963 3240 Metellus
987 3183 1086 3252 Verri,
1108 3183 1155 3256 qui
1170 3186 1251 3241 annis
1267 3189 1310 3246 73.

226 3270 269 3328 79.
285 3269 330 3326 71.
346 3285 373 3324 a.
391 3267 455 3327 (1111.
474 3287 502 3326 n.
513 3269 643 3330 Sic-iliam
665 3269 799 3337 obtinuit,
813 3285 885 3326 euno
903 3271 963 3339 70-.;
981 3269 1017 3330 ei.
1033 3267 1266 3326 Pseudo-Ascua.
1282 3271 1310 3326 in

227 3352 318 3410 Divin.
335 3354 363 3410 in
379 3355 412 3424 Q.
429 3354 533 3412 Caecil.
551 3373 579 3428 p.
597 3357 640 3416 97.
660 3356 746 3413 Orell.
762 3355 820 3412 Cic.
839 3357 867 3412 in
883 3357 964 3412 Verr.
981 3354 1043 3412 Act.
1060 3355 1080 3410 I.
1094 3373 1120 3410 c.
1136 3359 1163 3428 9,
1179 3357 1224 3414 97.
1239 3355 1308 3425 ut,

226 3439 327 3508 10711,
345 3445 388 3509 53,
406 3445 464 3500 190.
510 3441 675 3498 AecuratIus
692 3443 729 3497 de
751 3441 925 3512 praedonum
938 3443 996 3497 -illo
1020 3442 1145 3512 tempore
1161 3441 1310 3498 insolentia

226 3526 284 3595 egil
301 3523 383 3580 Oros.
399 3525 446 3595 VI,
468 3531 495 3586 3.
538 3527 680 3594 Metellae,
699 3526 809 3584 Siciliae
825 3533 958 3600 praetor,
980 3537 1063 3599 qaam
1082 3525 1243 3598 foedieama
1262 3529 1309 3584 illa

226 3609 255 3666 0.
278 3607 375 3664 Verrio
385 3616 524 3682 practura
542 3611 663 3670 Siciliam
678 3611 813 3684 afflictam
832 3607 986 3684 maereret,
999 3613 1121 3668 mxime
1133 3611 1314 3686 Pyracmone

224 3693 399 3766 archipirata
415 3696 534 3769 nefariis
542 3697 661 3769 praedis
675 3705 702 3753 et
716 3697 844 3754 cacabis
860 3699 1038 3768 dilacerante,
1054 3699 1108 3772 qai,
1122 3699 1207 3771 palea
1222 3701 1311 3755 classe

223 3795 350 3848 romana,
366 3781 576 3853 Syracusarum
585 3787 698 3854 portam
713 3783 873 3856 obiecerat,
888 3800 968 3857 quem
981 3800 1048 3840 moa
1063 3783 1158 3842 accoli
1172 3785 1309 3842 ter-restri-

222 3881 276 3938 aae
285 3867 392 3938 proelio
406 3869 597 3926 comminuam
603 3867 697 3924 Sicilia
713 3869 846 3926 decedere
860 3870 1045 3944 compulit-
1055 3868 1141 3938 Quasi
1154 3870 1172 3924 i.
1188 3887 1214 3942 q.
1229 3869 1311 3943 fere,-

226 3950 400 4020 mfflbw
654 3989 663 3993 -

308 4037 353 4092 Fr.
373 4043 416 4096 bt).
439 4035 525 4106 [Cart.
541 4053 569 4110 p.
585 4041 646 4098 980.
664 4038 740 4096 Gerl.
758 4039 804 4096 ed.
819 4039 886 4094 111111.
897 4039 945 4106 IV,
963 4045 987 4098 l.
1003 4037 1049 4094 ed.
1068 4038 1135 4094 min.
1150 4038 1198 4107 lV,
1214 4043 1258 4097 90.
1277 4057 1305 4110 p.

223 4127 285 4190 997,
301 4122 442 4182 90111111.
459 4122 506 4192 IV,
521 4118 560 4195 9.]
589 4123 694 4180 Gellius
710 4125 769 4180 NN.
785 4125 847 4182 ΑΑ.
861 4124 959 4192 XVIII,
974 4129 1001 4182 4.
1026 4124 1121 4180 Verba
1135 4124 1198 4194 ipsa
1212 4139 1307 4194 quam·

223 4223 306 4278 quarn
323 4208 391 4264 satis
407 4210 493 4280 plana
506 4212 581 4277 sunt,
598 4214 690 4266 tamen
706 4211 846 4282 quomado
860 4227 924 4267 cum
939 4209 1041 4268 ceteris
1058 4209 1244 4274 cohaeserint,
1261 4215 1308 4267 aut

222 4308 279 4364 quo
294 4293 413 4371 coasilio
429 4309 476 4350 res
492 4310 509 4350 a
525 4293 658 4370 Sallustio
676 4301 788 4352 narrata
804 4289 994 4376 luerit‚s.uullo
1008 4298 1091 4369 pacto
1109 4292 1239 4352 constitui
1249 4295 1307 4367 'po-
