3102 4956
213 392 275 458 loo
582 396 612 453 o.
635 386 808 453 snucusm
832 373 961 452 cnism'

213 581 310 670 iius,
342 583 430 654 domi
461 576 605 677 iurique
642 573 902 674 impeditissuma
931 581 1111 673 republica
1155 571 1304 675 uimque
1368 560 1370 563 ’

214 713 430 803 imperatores
464 709 644 800 Hispaniae
679 707 896 798 stipendium,
926 707 1061 790 milites,
1092 727 1200 790 arma,
1228 699 1304 776 Iru-

216 839 360 906 mcntum
379 839 538 926 poscunt3
559 835 592 904 et
611 833 643 902 id
664 855 718 902 res
734 807 842 925 cogit,
865 833 1019 925 quoniam
1039 829 1223 902 delectione
1243 852 1305 900 so-

216 962 342 1031 ciorum
354 963 397 1054 et
416 959 542 1030 Sertori
565 983 625 1052 per
651 959 770 1030 montis
797 959 881 1051 fuga
911 979 1019 1050 neque
1049 976 1148 1027 manu
1180 957 1306 1028 cerere

218 1167 401 1223 lectissimum
422 1184 456 1222 ac
474 1167 721 1223 damnosissimum
736 1166 803 1222 belli
818 1163 936 1238 gerendi
952 1179 1057 1235 genus,
1083 1161 1118 1216 de
1134 1180 1188 1234 quo
1206 1163 1248 1218 sic
1263 1180 1308 1219 rc·

218 1254 271 1307 lert
291 1251 484 1307 Plutarchus
478 1269 507 1306 m
529 1251 634 1308 Sertor.
654 1269 679 1307 c.
697 1257 749 1320 12,
773 1256 841 1306 extr.
864 1251 942 1318 (Vol.
960 1247 994 1303 11.
1015 1265 1044 1320 p
1059 1251 1121 1306 500.
1142 1246 1188 1303 cd.
1211 1241 1321 1316 Sint..)'

219 1321 287 1394 ode
303 1323 405 1410 εἶχεν*
393 1354 410 1392 ο
425 1324 612 1406 Μέττλλος’
596 1355 612 1394 ο
633 1355 661 1393 τι
683 1323 822 1412 χρήσαιτο
836 1331 1047 1430 προσπολεμῶν
1068 1317 1157 1474 άνόρλ
1169 1331 1307 1410 τολμητῇ,

218 1409 340 1495 πάσης
360 1408 981 1522 ἕξαναῦνομέντοφανερᾶςμάχης,
1003 1409 1151 1474 πάσανόέ
1164 1414 1307 1492 μεταβαλ·

218 1498 338 1608 λομὲνρι
351 1497 515 1580 μεταβολὴν
535 1478 653 1562 εόσταλί
652 1523 672 1586 α
687 1497 740 1561 καλ
728 1495 923 1602 κουρότητι
935 1501 1027 1604 τῆς
997 1487 1146 1600 Ἰβηρικῆς
1160 1499 1307 1578 στρατιᾶς,

219 1576 307 1659 αῦτος
327 1575 486 1646 ὁπλιτικῶν
501 1585 552 1646 καί
566 1588 637 1665 νομί
634 1610 700 1665 μων
720 1578 849 1685 άσιιητης
866 1605 993 1685 γεγοναις
1009 1577 1136 1662 άγόναν
1150 1579 1201 1642 καὶ
1219 1598 1307 1662 στρα

219 1661 310 1768 ταγὸς
320 1667 483 1750 ἐμβριθοῦς
497 1669 548 1731 καλ
562 1671 688 1751 μονίμου
707 1664 875 1749 φάλαγγος,
897 1662 1034 1768 τόσμσθαι
1047 1664 1101 1745 μὲν
1115 1666 1148 1728 εί
1153 1691 1168 1740 ς
1183 1670 1309 1746 χεῖρας

219 1746 403 1827 ἐλθόντας
426 1755 630 1860 πολεμίους
653 1751 704 1815 καλ
726 1755 905 1834 καταβαλεῖν
929 1745 1034 1853 όρτστα
1059 1749 1307 1854 γεγυμνασμένης,

219 1832 434 1939 ὀρειβατεῖν
458 1835 497 1900 δὲ
523 1838 585 1900 καλ
609 1842 870 1943 συνηρτῆσθαι
901 1831 1052 1942 διμόξεσι
1080 1834 1143 1897 καί
1169 1838 1309 1916 φυγαῖς

220 1914 320 1983 άπαῦ
329 1938 431 1996 στοις
450 1913 622 2026 άνθρτόπων
635 1916 806 2024 ὑπηνεμίων
820 1919 871 1983 καί
887 1911 974 2020 λιμμα
988 1913 1146 2001 άνέχεσθαι
1165 1918 1217 1981 καί
1231 1920 1308 1980 τλίαι-

219 2029 274 2069 ταν
288 2001 405 2089 άπνρον
418 2002 506 2068 καλ”
486 2025 634 2089 ασκηνον,
652 2001 748 2090 ὥσπερ
764 2005 870 2068 ἐκεῖνον
877 2029 945 2086 ,μη
933 1997 1200 2086 ῦνναμίνρςμ-
1156 2010 1308 2066 -Μακα

219 2103 330 2153 certare
350 2096 460 2154 Curtius
479 2104 554 2154 reete
578 2100 699 2172 explicat
721 2100 795 2154 lusto
818 2099 941 2170 proelio,
970 2095 1045 2168 pede
1066 2098 1167 2151 collato
1190 2101 1308 2165 certare,

220 2184 348 2239 cominus
372 2183 525 2256 congredi3
554 2201 583 2240 v.
600 2184 637 2240 ad
651 2186 712 2257 lug.
732 2201 758 2239 o.
776 2183 857 2251 LVII,
873 2185 899 2239 4.
920 2180 1029 2256 Cupere
1044 2181 1182 2253 proelium
1200 2183 1309 2236 muer·-

220 2269 281 2324 trus
293 2267 402 2340 facere.
430 2299 466 2310 -
496 2267 576 2326 Utilia
591 2273 706 2326 omnino
722 2275 786 2324 sunt
800 2267 894 2324 omnia
910 2265 947 2321 ad
962 2265 1094 2322 alendum
1111 2267 1264 2322 exercitum
1282 2272 1310 2322 et
1382 2287 1385 2292 ·

220 2353 257 2408 ad
276 2354 380 2409 bellurn
401 2345 581 2423 necessarIa3
609 2356 645 2410 cl.
670 2355 731 2426 lug.
752 2371 777 2408 c.
799 2352 946 2420 LXXXVI,
968 2359 992 2411 1.
1017 2350 1129 2407 literius
1150 2355 1308 2420 commeatu,

218 2437 360 2510 stipendio,
383 2440 470 2493 armis
484 2441 599 2511 aliisque
613 2438 762 2494 utilibus
777 2439 856 2494 κασία
868 2442 975 2492 onerat.
1007 2435 1115 2514 Eadem
1134 2439 1248 2510 saepius
1266 2436 1309 2491 di-

221 2527 321 2576 cuntur
334 2524 509 2577 utensilia
518 2545 526 2585 ,·
542 2525 578 2578 et.
595 2523 684 2578 Tacit.
699 2523 774 2577 Ann.
789 2524 810 2590 l,
823 2527 867 2589 70,
878 2525 906 2579 4.
919 2521 1123 2578 Pernoetaoere
1136 2523 1197 2578 siue
1208 2528 1310 2578 uteu-
1376 2509 1378 2520 ’

221 2606 369 2676 sitibus,
390 2608 536 2679 eiue'ipnr‘,
560 2608 606 2662 ubi
627 2623 656 2661 v.
674 2607 796 2662 Gronov.
813 2606 873 2660 Liv.
890 2606 937 2672 III,
952 2609 995 2675 42,
1011 2611 1036 2664 5.
1060 2605 1173 2663 Εααλαε
1187 2607 1310 2664 ommim

220 2692 339 2746 utensi
344 2691 355 2744 t
360 2693 371 2744 i
376 2691 437 2746 bus
451 2693 528 2746 mites
549 2689 696 2748 Tusculum
709 2706 740 2746 ee
751 2690 808 2763 pide
824 2691 1066 2763 misericordiaque
1080 2694 1203 2748 στ’σλανασ
1216 2693 1309 2765 trospi-

222 2781 277 2830 tum
291 2775 453 2830 contulerat.
485 2775 613 2832 Ceterum
628 2777 718 2832 verba
733 2775 810 2832 utilio
819 2789 931 2848 perure
945 2791 998 2847 per
1012 2775 1169 2832 chiasmum
1184 2779 1310 2833 reserun-

220 2867 265 2914 tur
284 2859 321 2916 ad
337 2861 514 2916 remotiorem
538 2862 705 2932 ablativum,
729 2861 765 2916 de
787 2877 842 2932 quo
863 2856 1014 2920 verborum
1034 2861 1181 2918 ordinev.
1197 2863 1235 2920 ad
1250 2860 1308 2920 Cat

222 2944 291 3013 LXI,
306 2949 331 3004 9
346 2961 374 3016 p
387 2949 449 3005 ami
470 2947 548 3002 etad
563 2948 623 3019 lug.
640 2945 699 3016 Vll,
715 2951 740 3004 5.
762 2961 792 3018 p.
808 2947 853 3006 de

306 3034 331 3095 5.
349 3032 376 3088 7.
392 3033 421 3086 in
435 3025 551 3109 Aete)i.
570 3049 595 3087 c.
614 3031 806 3104 Inprovmcia
820 3046 953 3100 romana,
968 3031 1013 3086 eui
1028 3031 1117 3086 Asiae
1132 3047 1235 3088 nomen
1250 3032 1310 3088 luit.

220 3115 262 3170 Ea
287 3117 525 3187 complectebatur
546 3117 668 3190 Mysiam
693 3122 720 3171 et
740 3071 953 3188 Hellespontum
973 3133 1037 3170 cum
1058 3115 1185 3184 Troade,
1217 3116 1311 3172 Aeoli-

222 3200 301 3268 dem,
325 3201 446 3272 loniam,
468 3202 603 3257 Doridem
624 3217 687 3256 cuin
703 3198 804 3256 Rhodo
825 3200 932 3270 Insula,
956 3199 1091 3273 LydIam,
1114 3201 1266 3272 Phrygiam
1284 3208 1311 3256 et

222 3285 340 3340 Cariam.
358 3316 401 3324 —
415 3286 454 3342 Ob
467 3288 568 3342 nime'es
583 3300 650 3358 opes
664 3281 849 3352 Mithridatis,
873 3303 913 3341 sc
930 3287 1058 3356 quasilla
1075 3286 1113 3340 ite
1126 3289 1257 3357 parabat,
1280 3291 1311 3342 ut

222 3375 371 3440 appareret
386 3387 450 3428 eum
467 3373 558 3441 pulmo
574 3385 685 3441 quoque
701 3373 827 3440 tempore
842 3369 946 3426 bellum
963 3387 1029 3426 esse
1046 3375 1229 3442 sumpturum.
1269 3369 1309 3426 Dc

222 3455 283 3509 eius
307 3458 444 3524 apparatu
467 3471 495 3511 v.
512 3455 634 3526 Apian.
650 3449 689 3510 Β
711 3453 804 3508 Mithr
827 3471 852 3515 c
875 3460 918 3515 09.
943 3455 1021 3524 (.Vol
1034 3455 1054 3512 Ι
1058 3473 1096 3551 p
1109 3458 1170 3552 740.
1187 3454 1308 3525 schum).

221 3525 419 3634 Μιθριδάτης
437 3530 492 3612 μὲν
551 3557 628 3593 ν-
584 3535 745 3594 -πᾶσαν
765 3527 876 3635 ἒπερόει
896 3526 1103 3635 παρασκευὴν,
1126 3527 1167 3610 ῦς
1185 3529 1252 3616 άρτι
1273 3528 1310 3635 δὴ

221 3609 524 3718 κριθησόμενοςρλ
457 3617 524 3701 περὶ
544 3609 693 3680 απάνταν.
731 3610 835 3680 Keleai
858 3612 962 3681 λοιπὸν
982 3624 1035 3682 τοῦ
1055 3619 1166 3702 θέρους
1187 3611 1287 3682 καλ
1259 3643 1312 3683 τον

221 3721 349 3780 χειμωνα
363 3693 433 3763 όλον
451 3694 612 3803 ῦλοτομῦν
617 3696 762 3784 ἕπηγνυτο
777 3707 851 3780 ναῦς
865 3698 940 3766 κάλ’
930 3699 1021 3784 όπλα,
1045 3729 1098 3767 και
1087 3704 1195 3768 σίτου
1209 3707 1311 3767 διακο-

220 3785 285 3858 σίας
306 3785 456 3865 μεδίμνων
475 3782 624 3870 μυριάδας
644 3786 692 3850 dut
706 3782 848 3876 θαλάσσῃ
867 3789 997 3852 διετίθει
1018 3787 1218 3894 σύμμαχοί
1181 3813 1210 3852 τε
1230 3813 1286 3851 αυτ

220 3870 463 3972 προσεγίγνοντο,
490 3873 578 3956 χαρλς
597 3897 650 3977 τνρς
669 3807 848 3976 προτέρμς
838 3868 1005 3955 δυνάμεως,
1034 3877 1184 3976 Χαλυβες,
1209 3781 1312 3981 Ἀρμῖ

222 3977 296 4032 νιοι,
318 3950 457 4057 Σκόθαι,
481 3963 609 4042 Ταῦροι,
625 3957 756 4062 Αγαιολ,
778 3952 925 4062 Ἡνίοχοι,
952 3956 1155 4065 μίενκόσυροι,
1178 3957 1265 4022 καλ“
1248 3979 1313 4024 οσοι

220 4037 287 4120 περί
309 4035 505 4148 Θερμρόῦοντα
523 4037 656 4125 ποταμόν
676 4047 735 4126 γῆν
762 4036 915 4146 ἔχουσι
883 4067 946 4152 ρομ
953 4035 1121 4150 Ἀμαζόνων
1143 4045 1310 4128 λεγομένην.

223 4124 405 4187 Τοσαῦτα
372 4149 439 4234 μιν
437 4125 485 4190 ἐπὶ
499 4135 561 4204 τοῖς
570 4128 722 4230 προτέρας
736 4121 817 4210 unicui
833 4129 900 4211 περὶ
914 4122 969 4211 τὴν
975 4123 1080 4193 Ἀσίαν
1089 4131 1310 4212 προσεγίγνετο·

216 4203 384 4314 meptiarum
409 4205 439 4274 d’
463 4205 546 4290 ἐς
514 4237 569 4295 erpo
589 4205 742 4297 Εὐρώπην
762 4189 965 4316 Σάνροματάν
983 4217 1017 4278 οἴ
1034 4237 1063 4277 τε
1087 4216 1236 4317 Βμσίλιισι
1261 4215 1313 4276 καὶ

216 4287 355 4380 Ἰάζυγας,
383 4297 434 4360 παλ
449 4292 612 4381 Κόραλλα,
638 4239 691 4360 καλ
706 4293 863 4386 Θρρκῦν”
847 4317 902 4363 οσα
915 4299 987 4384 γίνη
998 4321 1080 4384 παρα
1095 4293 1148 4361 τὸν
1159 4293 1312 4384 Ἴστρον
1291 4325 1313 4382 η
