3098 4970
593 416 624 474 c.
651 415 826 476 sunusrr
848 413 963 476 carsrr
1081 382 1083 386 ’

338 609 390 674 61.
420 603 572 675 Traditur
592 605 708 697 lugam
725 602 763 677 'iu
783 599 906 676 Oceani
928 602 1111 700 longinqua
1129 601 1324 695 agitavisse,

236 729 330 800 cuius
356 731 440 800 duas
464 727 594 800 insulas·
615 728 820 823 propinquas
847 728 931 800 inter
957 750 999 802 se
1026 750 1045 798 c
1046 729 1196 804 tdccem
1222 728 1324 801 millia

236 930 321 1024 plane
338 927 457 984 illustrat
470 928 664 984 Plutarchus
657 946 686 984 m
702 927 868 986 Sertorioc.
886 931 918 998 7,
934 927 1008 984 med.
1021 889 1140 996 ’Ἀνυιος
1159 921 1191 984 δὲ
1207 893 1270 1024 μετ’
1287 917 1324 986 οὗ
1368 927 1369 930 ’

236 1001 313 1070 πολὺ
323 1010 452 1114 παρῆν
434 1008 524 1069 ναυσί
530 1030 560 1070 τε
570 1011 692 1083 πολλαῖς
703 1007 754 1070 καλ
764 1007 1005 1087 πεντακιςχιλίοις
1022 999 1168 1087 ὁπλίταις,
1189 1001 1264 1091 πρὸς
1285 1031 1324 1070 ον

237 1089 452 1196 ἐπεχείρησε
420 1115 473 1172 μεν
487 1093 722 1196 διαναυμαχεῖν,
753 1093 894 1174 καίπερ
921 1090 1107 1192 ἐλαφροῖς
1138 1091 1203 1154 καί
1232 1085 1324 1196 πρὸς

237 1173 348 1258 τάχος
364 1169 405 1238 oui
428 1170 530 1284 πρὸς
546 1169 667 1258 άλκὴν
690 1176 971 1280 πεποιημένοις
997 1170 1162 1254 σκάφεσι
1183 1173 1322 1278 χριόμε-

237 1286 309 1336 νος.
353 1257 481 1347 Ζεφύρῳ
501 1259 533 1324 δὲ
547 1267 680 1367 λαμπρῷ
681 1286 734 1325 του
721 1259 891 1364 πελάχους
903 1252 1099 1340 άνισταμίνου
1117 1261 1168 1324 και
1179 1285 1216 1324 τα
1203 1255 1322 1324 πολλά

236 1352 295 1410 τῶν
304 1369 356 1409 του
343 1348 547 1452 Σερτωρίου
544 1341 680 1410 πλείον’
664 1339 724 1410 υπὸ
736 1342 920 1449 κουφότητος
927 1347 1038 1426 πλαγία
1045 1351 1109 1420 ταῖς
1119 1347 1233 1427 ῥαχίαις
1240 1369 1323 1429 περι-

236 1427 409 1538 βάλλοντος,
433 1424 521 1505 αὐτὸς
532 1427 645 1514 ὀλίγαις
655 1431 819 1496 ναυσλυν
840 1423 951 1512 ἡμέρας
963 1430 1035 1492 δέκα
1047 1429 1193 1506 ἐπιπόνως
1205 1433 1322 1515 διεκαρ-

234 1516 361 1621 τέρησεν.
405 1522 523 1578 Temere
551 1523 634 1595 igitur
655 1511 824 1579 Debrossius
854 1527 881 1576 el
903 1528 1002 1576 contra
1024 1521 1104 1578 Gellii
1126 1523 1322 1590 testimonium,

237 1625 291 1679 quo
301 1609 391 1679 primi
405 1607 466 1662 libri
481 1607 555 1662 haec
571 1609 661 1664 luisse
678 1608 823 1674 dicuntur,
839 1606 952 1663 νουσα
946 1623 973 1660 m
989 1609 1098 1678 tertium
1112 1609 1266 1675 transtulit,
1290 1625 1324 1664 ac

237 1693 272 1747 de
292 1691 408 1763 perditis
423 1691 589 1748 Mithridatis
607 1693 736 1762 navibus,
749 1692 815 1747 dum
832 1690 966 1763 Cyzicum
983 1691 1101 1759 obsidet,
1119 1693 1324 1764 interpretatur,

237 1777 313 1848 quod
327 1792 431 1832 vanum
448 1775 581 1831 iudicium
597 1776 761 1832 Gerlachius
780 1775 842 1831 Vol.
854 1777 899 1831 ΙΙΙ.
913 1793 941 1848 p.
959 1779 1003 1835 74.
1021 1777 1140 1847 repetiit,
1156 1778 1327 1836 simulatice

162 1928 164 1932 Ι
238 1863 274 1917 de
289 1861 412 1928 νεανίσκε,
427 1877 483 1915 non
501 1862 536 1915 de
550 1862 678 1933 scaphas,
695 1867 725 1916 ul
742 1860 846 1916 Gellius
863 1879 896 1916 ac
910 1861 1018 1917 Nonius
1035 1862 1157 1931 tradunt,
1170 1863 1326 1934 intelligen-

239 1946 305 2002 dum
334 1962 399 2005 esse
429 1946 613 2002 contendens.
659 1945 737 2001 Idem
750 1946 778 2000 in
794 1945 840 2000 ed.
858 1946 925 2002 min.
943 1947 1143 2018 Fragmentum
1167 1948 1270 2002 rectius
1289 1947 1326 2003 ad

237 2032 357 2103 primum
387 2031 486 2087 librum
516 2038 543 2086 et
573 2031 611 2086 ad
634 2031 750 2088 Sertorii
779 2049 825 2088 res
844 2031 950 2099 retulit,
982 2030 1033 2086 sed
1049 2033 1121 2088 salso
1140 2031 1175 2086 de
1189 2032 1274 2087 huius
1290 2049 1326 2086 ex

238 2109 412 2172 Mauretania
431 2116 458 2170 in
476 2117 648 2172 Lusitaniam
665 2117 758 2175 reditu
773 2118 890 2189 capiens
906 2115 998 2174 multis
1016 2115 1191 2190 Fragmentis
1210 2123 1325 2189 postpo-

238 2203 308 2270 suit,
327 2217 399 2272 quae
415 2201 515 2258 adres
532 2204 625 2260 serius
641 2211 736 2275 gestas
751 2205 901 2276 pertinent.
917 2227 961 2240 --
978 2199 998 2256 Ι
1002 2207 1168 2258 necrlum
1193 2217 1263 2258 οιιαε
1284 2209 1327 2258 est

237 2286 314 2359 quod
327 2303 384 2342 nou
400 2293 476 2343 certo
486 2289 549 2342 loeo
564 2289 645 2358 quasi
660 2287 747 2345 fixum
758 2289 957 2358 immotumque
971 2292 1077 2355 manet,
1097 2285 1149 2344 sed
1163 2286 1249 2344 modo
1272 2287 1327 2344 huc

237 2371 323 2428 modo
339 2373 404 2427 illue
419 2378 549 2428 movetur
564 2375 614 2441 (cl.
626 2373 672 2428 Fr.
689 2375 742 2443 ΙΙΙ,
758 2375 828 2442 bd),
845 2389 928 2444 quem
946 2387 1062 2430 sensum
1077 2373 1224 2444 sequentia
1240 2375 1328 2428 verba

237 2457 396 2512 accuratius
429 2456 582 2512 declarent.
632 2455 721 2523 Ωωυω
739 2489 781 2498 —-
804 2461 958 2531 ομὶίονοναί
988 2456 1153 2526 Gerlachius
1188 2474 1223 2512 ex
1249 2474 1326 2515 more

234 2543 349 2613 priscae
362 2541 478 2612 linguae
493 2541 597 2596 dictum
615 2550 726 2614 censet,
749 2545 823 2599 lacili
844 2560 912 2599 sane
928 2557 1016 2614 opere
1031 2542 1191 2614 explicandi
1214 2543 1339 2614 negotio

238 2626 397 2680 defunctus.
442 2626 590 2681 Indicativi
610 2643 647 2680 ex
672 2645 756 2699 quum
780 2629 917 2700 particula
938 2627 1089 2699 pendentis
1104 2629 1162 2682 vim
1177 2629 1329 2684 illustravi-

236 2728 300 2766 mus
315 2710 352 2765 ad
366 2710 426 2782 lug.
441 2728 465 2765 c.
484 2709 585 2782 elna.
601 2728 629 2782 p.
646 2715 707 2772 547.
738 2715 774 2768 cl.
792 2714 914 2770 Gramm.
942 2713 990 2769 lat.
1018 2719 1105 2768 nostr.
1128 2718 1152 2778 5.
1179 2716 1240 2780 147,
1258 2715 1284 2770 4.
1301 2714 1329 2768 b.

235 2791 301 2850 Not.
318 2801 350 2862 2,
366 2813 392 2850 e.
408 2811 437 2865 p.
456 2799 517 2854 509.
1372 2845 1375 2852 ,

323 2879 368 2935 Fr.
384 2883 427 2938 61.
466 2879 554 2949 [Cort.
583 2898 611 2952 p.
634 2886 704 2940 1008
728 2887 755 2938 et
775 2883 836 2941 998.
875 2880 1328 2940 Gerl.ed.mai.lne.135eta

238 2962 283 3018 ed.
299 2965 366 3022 min.
382 2965 410 3032 Ι,
426 2968 462 3024 86
477 2971 504 3020 et
518 2969 562 3025 al.
577 2983 606 3038 p.
623 2970 688 3034 196,
705 2971 749 3026 λλ.
771 2967 855 3023 Debr.
873 2968 911 3034 ΙΙ,
929 2967 985 3034 12]
1029 2959 1153 3022 Priorem
1169 2965 1329 3037 Fragmenti

235 3056 344 3121 partem
361 3049 495 3119 (traditur
508 3081 549 3094 —
567 3050 727 3124 αρλλανλεεο)
744 3052 863 3108 Servius
877 3050 964 3106 habet
977 3051 1015 3106 ad
1028 3051 1109 3120 Virg.
1125 3051 1197 3106 Aen.
1215 3050 1253 3114 ll,
1268 3053 1329 3110 640.

236 3141 263 3190 et
276 3136 372 3208 paullo
387 3135 504 3192 liberius
520 3141 654 3195 mutatam
669 3135 745 3192 itero
765 3137 802 3190 ad
819 3136 915 3190 Horat.
927 3133 1018 3204 Epod.
1037 3137 1084 3202 16,
1099 3137 1151 3203 423
1170 3135 1276 3190 relicua
1292 3137 1330 3190 la-

236 3227 338 3292 guntur
355 3220 431 3292 apud
446 3220 566 3276 Nonium
585 3220 637 3287 ΙΙΙ,
654 3237 682 3290 p.
695 3223 762 3287 495,
776 3224 821 3279 33.
838 3217 936 3285 Mera,-
951 3224 1081 3289 corrupte
1097 3221 1144 3275 vel
1158 3223 1266 3290 quanto,
1283 3221 1331 3276 val

235 3321 323 3375 ααιιο,
342 3307 387 3362 vel
402 3305 545 3361 undecimo
561 3305 634 3361 libro
652 3305 793 3358 attributa.
815 3304 965 3374 Utriusque
983 3304 1037 3359 loci
1053 3306 1140 3360 verba
1155 3303 1330 3371 cohaesisse,
1395 3330 1397 3334 ·

236 3389 314 3459 quod
332 3390 441 3458 primus
453 3388 626 3445 Debrossius
641 3385 729 3456 vidit,
743 3389 795 3443 sed
810 3389 930 3455 trustra,
947 3394 978 3444 ut
993 3390 1064 3444 solet
1078 3389 1107 3444 in
1122 3406 1152 3466 re
1167 3391 1258 3456 bona,
1276 3405 1331 3444 non

236 3474 328 3528 solum
347 3473 533 3543 grammatica
548 3476 689 3529 structura
704 3473 808 3544 optimc
820 3472 981 3546 procedens
996 3474 1141 3546 probabile
1156 3473 1264 3540 reddit,
1281 3472 1332 3528 sed

237 3556 396 3612 certissime
411 3558 514 3626 probel
529 3554 672 3612 Plutarchi
689 3557 786 3623 locus,
810 3565 942 3614 accurate
961 3576 997 3614 ex
1013 3556 1144 3614 Sallustio
1169 3575 1332 3631 expressus,

237 3657 340 3712 quam,
356 3639 497 3709 quietum
515 3641 552 3700 ad
566 3641 762 3700 illustrandam
778 3647 837 3700 tum
850 3641 889 3700 ad
905 3643 1111 3700 emendandam
1125 3644 1199 3700 hanc
1216 3643 1251 3698 de
1269 3641 1333 3699 Ser-

237 3726 308 3782 torio
324 3726 514 3780 narrationem
529 3727 622 3794 valet,
637 3731 723 3782 totum
739 3742 924 3798 apponemus
970 3729 1106 3866 Legiturg'
1099 3745 1127 3782 m
1145 3729 1251 3786 Sertor.
1266 3743 1293 3782 c.
1305 3731 1352 3802 d¹

237 3793 480 3880 Διεκβάλλων
452 3823 504 3865 τον
496 3799 885 3908 Γαδειραιονπορθμόνέ
885 3831 903 3868 ν
917 3808 998 3889 δεξιᾶ
1014 3811 1075 3880 τοῖς
1089 3799 1171 3880 ἐκτὸς
1182 3800 1335 3912 ἐπιβάλλει

237 3894 290 3969 τῆς
312 3885 452 3989 Ἰβηρίας
496 3881 654 3954 Ἐνταῦθα
675 3893 783 3952 ναῦται
803 3890 881 3966 τινὲς
903 3869 1191 3992 ἐντυχχάνουσιν’
1152 3895 1250 3970 αυτοῖ,
1267 3887 1335 3952 νέου

241 3972 279 4034 ἐκ
304 3977 378 4036 τῶν
397 3962 650 4036 Ἀτλαντικῶν
674 3969 798 4054 νήσων
822 3967 1088 4052 ἀναπεπλευκότες,
1103 3977 1151 4038 αἳ
1179 3953 1247 4038 duic
1271 3971 1336 4054 μὲν

242 4057 332 4135 είσλ,
363 4059 485 4138 λεπτμ
511 4053 736 4120 παντάπασι
763 4065 922 4144 πορθμῷ
952 4053 1240 4163 διαιρούμεναι,
1269 4082 1337 4138 μυ·-

246 4101 403 4223 ptoaigd’
430 4117 620 4242 άπίχουσι
640 4137 790 4290 Λιβόχς
810 4146 1013 4247 σταδίους,
1036 4143 1100 4206 καί
1120 4137 1334 4248 ὀνομάζρν-

243 4248 304 4288 ται
321 4231 362 4287 Μ
370 4249 534 4308 ακαρωυ
569 4223 758 4311 Όμβροιςιλὲ
757 4224 917 4338 χρώμεναι
931 4232 1055 4332 μετρίοις
1076 4231 1222 4333 σπανίως,
1246 4254 1282 4292 τα
1275 4221 1337 4292 δὲ
1385 4251 1391 4263 ’

244 4315 368 4378 πλεῖστα
384 4309 531 4392 πνεύμασι
548 4318 693 4394 μαλακοί-ς
715 4313 766 4376 καὶ
789 4308 991 4400 δροσοβόλοις·
994 4307 1039 4378 ori
1059 4309 1161 4394 μόνον
1173 4307 1268 4399 άροῦν
1287 4310 1338 4376 καλ
1345 4345 1352 4364 .-
