3102 4956
482 359 732 420 blsronmuull
751 359 986 420 FRAGMENTA.
1029 361 1096 419 LIB.
1119 363 1152 420 ΙΙ.
1280 352 1343 424 107

231 564 247 620 7
259 553 417 642 possunt,
439 569 547 642 neque
569 547 661 618 utilia
682 569 809 639 parare.
851 545 1026 620 Exercitus
1048 546 1082 617 in
1104 547 1187 618 Asia
1208 547 1342 621 (illicia-

259 695 323 767 que
343 671 386 742 ob
407 671 524 744 nimias
541 695 623 764 opes
647 673 841 748 Mithridatis
860 674 1007 758 alunlur,
1031 672 1222 744 Macedonia
1243 674 1342 766 plena

257 798 401 869 hostium
422 803 489 885 est,
514 821 575 870 nec
591 799 699 870 minus
722 799 833 871 ltaliae
848 798 1021 870 marituma
1039 799 1072 867 ei
1086 798 1339 889 provinciarum,

258 945 359 1020 quim
380 923 508 996 interim
530 924 708 1018 vectigalia
733 945 837 1016 parva
859 927 892 996 et
913 923 1009 994 bellis
1030 923 1154 996 incerta
1175 923 1234 1041 rix
1259 947 1342 1016 par·-

251 1118 435 1230 Ῥοδόπην
415 1150 435 1205 η
451 1117 503 1188 τὸν
515 1120 618 1206 Αἷμον
633 1125 764 1201 οἰκοῦσι,
787 1095 840 1188 aui
859 1123 906 1188 ἐπὶ
920 1119 1017 1187 ιοῖσδε
1033 1118 1220 1228 Βοσιοὶρνοιι,
1242 1117 1275 1188 τὸ
1290 1119 1342 1189 ‹tt

259 1203 424 1312 πιμοότοπον
444 1176 812 1314 attaminarentur
841 1209 895 1291 pin
915 1201 953 1290 δὴ
974 1208 1025 1272 nui
1045 1213 1104 1311 τῆς
1112 1199 1271 1316 Εὐρώπης
1280 1205 1343 1275 τότε

257 1289 384 1378 προσελοὶ
406 1287 526 1377 βανεν
513 1320 530 1358 ο
544 1288 749 1378 Μιθριδάτης.
782 1295 842 1357 Καὶ
859 1291 999 1396 μοριάδες
1015 1289 1104 1356 ἐκ
1061 1316 1182 1356 ποινιοον
1199 1293 1271 1372 ἐς
1242 1319 1275 1358 το
1286 1290 1343 1376 μα’-

258 1403 345 1462 peponi
415 1404 439 1465 p
426 1379 579 1461 *ipwael
547 1379 647 1461 ένονιο
667 1383 925 1482 τεσσαρεςιιοίδεπα
943 1374 1093 1483 μάλιστα
1089 1380 1342 1458 necimmerito

258 1470 322 1538 ποῖς
334 1463 382 1526 ἐπὶ
396 1468 512 1570 μορίοις
528 1465 724 1547 ἑξακισχίλιοι.
744 1457 838 1541 πολὺς
852 1463 885 1528 δὲ
902 1464 953 1528 παὶ
970 1460 1058 1538 ἄλλος
1074 1455 1176 1542 optior
1191 1424 1345 1528 ὁδοποιῶν

168 1595 171 1602 -
258 1549 310 1612 col
328 1545 522 1632 caracciolus
541 1550 636 1614 εἵπετο
651 1551 703 1614 aci
723 1547 933 1634 ἐμπόρων-
890 1556 995 1611 —De
1011 1553 1178 1611 Macedonio
1190 1557 1279 1629 piano
1293 1555 1341 1612 bo

257 1643 338 1698 stium
353 1657 380 1698 v.
397 1648 529 1697 annotata
543 1643 580 1697 ad
595 1644 641 1698 Fr.
657 1648 701 1703 41.
718 1646 769 1702 42.
777 1647 885 1703 43.-
903 1640 1004 1699 Italiac
1018 1642 1165 1696 νοονιῖνοιο
1185 1647 1212 1697 ct
1226 1643 1343 1714 provin

258 1729 366 1782 οὶαννιιι
384 1727 586 1784 infestabantur
606 1744 622 1784 a
643 1727 757 1800 piratis,
778 1736 808 1784 ut
824 1721 928 1792 dhtum
945 1726 1040 1783 estad
1055 1727 1100 1782 Fr.
1116 1728 1161 1784 48.
1191 1727 1226 1782 cl.
1245 1725 1302 1782 Cic.
1317 1745 1345 1798 p.

259 1813 276 1868 l.
290 1811 386 1868 Manli.
396 1829 421 1868 c.
431 1818 475 1871 12.
492 1811 632 1870 Plutarch.
644 1813 672 1869 in
684 1815 783 1886 Pomp.
795 1831 818 1870 c.
825 1818 871 1874 24.
885 1843 928 1854 -
943 1813 984 1867 De
999 1829 1053 1868 usu
1064 1816 1091 1866 et
1103 1813 1211 1867 rationo
1225 1814 1346 1884 particu-

223 1933 225 1937 -
258 1899 348 1954 larum
362 1913 446 1971 οιιννι
461 1900 570 1954 interim
586 1917 615 1957 v.
632 1900 754 1957 Gramm.
766 1901 814 1957 lat.
826 1906 913 1956 nostr.
926 1901 1054 1963 §.Ml-4.
1067 1903 1158 1956 now.
1168 1915 1192 1953 a.
1205 1914 1233 1969 p.
1242 1901 1345 1970 uoasq.

258 1983 359 2038 collata
380 1985 563 2040 annotatione
587 1984 624 2040 ad
639 1985 700 2056 lug.⁴
721 2001 747 2039 c.
762 1985 822 2052 XII,
835 1991 861 2044 5.
882 2002 912 2056 p.
924 1987 968 2042 64.
994 1983 1064 2041 illst
1085 1983 1132 2038 Fr.
1149 1983 1195 2053 ΙΙΙ,
1213 1989 1237 2050 1,
1253 1989 1279 2043 2.
1306 2011 1342 2024 ··-

258 2068 403 2125 Partem
422 2075 579 2142 sumptuum
601 2069 691 2126 Faber
714 2086 766 2141 pro
793 2069 936 2126 dimidia
953 2074 1040 2140 porte
1062 2073 1219 2139 sumptuum
1242 2066 1346 2126 dictum

259 2158 369 2220 censet,
392 2153 469 2225 quod
484 2155 552 2210 mihi
569 2171 624 2209 non
645 2157 794 2226 persuasit.
831 2156 901 2211 Nam
917 2167 990 2223 quae
1005 2150 1087 2207 affert
1100 2151 1185 2208 huius
1206 2153 1347 2225 significa·

258 2239 343 2294 tionis
362 2240 492 2311 exempla
512 2255 548 2294 cx
568 2239 648 2296 Livio
666 2239 780 2310 ΙΙΙΙΙ,4,
798 2245 840 2298 11.
865 2244 931 2294 etc.
947 2241 992 2306 24,
1009 2239 1050 2296 14.
1072 2238 1172 2309 petita,
1197 2238 1347 2310 vulgarem

259 2323 477 2396 explicationem
493 2324 575 2380 facile
591 2323 753 2394 admittunt3
772 2326 819 2396 qui
835 2329 928 2380 autem
944 2322 1102 2395 speciosior
1118 2321 1211 2378 estad
1226 2326 1347 2394 proban-

260 2409 326 2466 dum
339 2408 419 2465 locus
432 2407 578 2466 Ciceronis
592 2425 621 2482 p.
637 2410 707 2466 Mur.
724 2425 750 2470 c.
765 2416 809 2479 20,
824 2413 869 2468 42.
884 2407 962 2464 multi
973 2409 1026 2464 oiri
1036 2406 1126 2480 fortes
1140 2411 1167 2462 ct
1170 2422 1264 2480 prope
1272 2423 1348 2481 pora

259 2495 373 2552 civitatib
396 2494 506 2568 offensa
526 2501 580 2563 eet,
603 2495 671 2552 uitio
693 2494 812 2552 allectus
835 2493 946 2552 videtur
971 2497 998 2548 et
1020 2493 1062 2548 sic
1082 2493 1292 2550 emendandus:
1322 2499 1350 2550 et

254 2579 372 2655 proba
380 2596 456 2654 porc
469 2583 519 2638 οιό.
534 2581 585 2654 off.
600 2588 649 2637 cat.
680 2581 774 2636 Nostri
793 2582 847 2637 loci
862 2580 933 2636 ratio
949 2577 1083 2650 expedita
1100 2584 1156 2648 est,
1181 2579 1204 2634 si
1221 2580 1346 2634 tenueris

254 2671 368 2740 portem
382 2667 410 2720 in
426 2667 590 2723 universum
603 2665 763 2739 significare
780 2665 810 2721 aii
818 2709 825 2736 ‚
846 2666 922 2738 quod
934 2670 987 2721 toto
1001 2666 1091 2720 mairac
1104 2669 1154 2720 act.
1185 2663 1278 2733 Quare
1292 2664 1347 2720 hoc

261 2751 329 2807 dicit
344 2750 439 2809 Cotta:
462 2753 615 2824 vectigalia
632 2751 795 2823 neutiquam
809 2765 903 2807 omncs
918 2756 1045 2820 sumptus
1061 2755 1219 2820 praestant,
1238 2766 1348 2806 corum-

260 2849 314 2908 que
329 2836 462 2908 cxiguam
481 2841 587 2892 tantum
601 2841 709 2908 partem
729 2837 875 2902 sustinent
904 2834 1081 2891 Difficultatis
1099 2838 1191 2890 autem
1207 2833 1348 2907 significa·

261 2921 298 2977 tio
314 2935 371 2974 non
387 2919 479 2991 magis
495 2919 586 2976 incia
602 2920 739 2991 particula
754 2936 837 2991 quam
858 2920 886 2974 in
906 2921 1041 2975 οιιοδπονο
1054 2921 1142 2975 vcrbo
1159 2921 1248 2988 inest,
1272 2919 1348 2993 quod

261 3002 385 3078 legitime
407 3003 442 3058 de
465 3005 500 3060 iia
516 3005 601 3060 rebus
619 3003 733 3073 dicitur,
758 3019 831 3075 quae
847 3003 990 3076 negotium
1013 3005 1156 3058 iacessunt
1176 3005 1347 3071 hominibus,

260 3096 288 3146 et
308 3089 439 3162 quamvis
463 3088 642 3145 contentione
659 3087 785 3146 adhibita
804 3085 995 3143 tantummodo
1018 3087 1181 3159 imperfecte
1199 3089 1286 3157 liunt;
1310 3091 1347 3143 cl.

261 3191 333 3249 quae
360 3173 396 3230 de
419 3175 504 3231 simili
526 3193 581 3236 usu
601 3177 680 3231 verbi
702 3175 822 3232 tolerare
842 3171 965 3228 diximus
987 3171 1024 3227 ad
1049 3170 1128 3226 Catil.
1156 3171 1346 3241 c.XX1V,3.

260 3281 289 3336 p·
306 3264 365 3322 119.
395 3260 527 3317 Alienum
548 3261 632 3333 igitur
653 3266 711 3330 est,
734 3259 811 3332 quod
826 3258 992 3316 Gerlachius
1009 3257 1073 3314 Vol.
1089 3256 1134 3315 ΙΙΙ.
1150 3273 1178 3329 ρ,
1192 3261 1253 3314 121.
1266 3259 1348 3312 susti·

260 3351 326 3405 nent
343 3347 539 3418 interpretatur
557 3351 720 3421 suppetam,
742 3345 931 3418 suppeditant,
948 3341 1094 3416 praeberet.
1120 3371 1163 3384 -
1186 3341 1248 3410 Ito,
1273 3341 1349 3412 quod

262 3431 427 3490 Giacconius
452 3431 569 3488 mirifice
589 3447 641 3506 pro
663 3436 814 3504 praetcrea
836 3431 959 3502 positum
988 3431 1099 3495 censet,
1128 3429 1204 3483 valet
1232 3427 1276 3483 bic
1301 3441 1349 3481 rc-

261 3518 311 3574 uu
334 3519 372 3574 itu
394 3519 578 3590 comparatis,
611 3519 648 3574 ci.
673 3515 733 3572 cat.
754 3515 827 3585 Vlll,
848 3518 876 3572 4.
901 3513 962 3586 lug.
984 3511 1145 3581 LXXXVII,
1160 3517 1187 3572 3.
1216 3519 1243 3568 et
1262 3527 1290 3568 v.
1312 3511 1349 3566 ad

262 3601 320 3660 Gal.
336 3601 397 3669 Vll,
414 3607 440 3662 6.
457 3619 486 3674 p·
501 3607 564 3670 41.;
593 3601 624 3660 id
645 3617 702 3658 non
724 3606 871 3658 assecutus
891 3597 1115 3670 Havcrcampius
1136 3599 1209 3652 male
1231 3597 1351 3653 coniecit

261 3688 437 3750 πιοΙΙιιονΙΙοι
458 3687 547 3743 elcese
561 3692 613 3743 etc.
637 3715 680 3727 -
700 3684 956 3756 Orsua-commeabo
970 3683 1096 3741 tacebatur
1113 3688 1247 3740 constans
1264 3689 1309 3737 est
1323 3687 1351 3736 et

263 3773 414 3832 sanissima
433 3773 557 3828 omnium
577 3771 661 3829 codd.
682 3772 780 3841 lectio,
807 3773 836 3828 in
851 3769 928 3828 editt
951 3771 1017 3826 olim
1035 3769 1068 3842 in
1080 3767 1155 3825 hunc
1172 3767 1287 3824 modum
1302 3767 1350 3822 dc-

263 3866 385 3932 pravata
407 3875 474 3931 qua
495 3863 660 3916 commeatus
679 3857 883 3915 vehebatur.
918 3853 1015 3912 Totius
1039 3854 1095 3909 loci
1120 3869 1237 3920 sensus,
1266 3868 1349 3924 quem

264 3944 372 4005 eortius
387 3959 487 4016 parum
504 3945 649 4016 perspexit
668 3941 793 4000 tuebatur
808 3941 936 4014 imperite
953 3955 1074 3996 censens
1101 3955 1153 4012 pro
1174 3941 1283 3994 metm
1298 3955 1350 4010 po-

264 4033 347 4088 situm
362 4045 437 4098 esse,
452 4027 499 4089 hic
515 4034 571 4085 est·
589 4029 701 4097 classis,
717 4045 790 4100 quae
806 4028 869 4084 obn
884 4023 1042 4098 sufficiebat
1054 4023 1256 4080 commeatibus
1271 4027 1350 4082 tuen-

176 4113 179 4119 '
264 4115 324 4185 dis,
345 4114 417 4184 iam,
437 4115 466 4172 vi
487 4115 596 4188 imperii
612 4118 650 4171 tot
672 4113 881 4170 difficultatibus
902 4109 1043 4181 districta,
1064 4112 1091 4165 in
1106 4114 1162 4165 tam
1183 4110 1284 4165 multas
1300 4108 1350 4162 mi-

262 4205 400 4272 nutasque
424 4206 520 4274 partes
541 4197 696 4261 dividenda
717 4200 782 4268 luit,
811 4203 875 4258 ut·
861 4195 1062 4302 commeatibus
1080 4193 1193 4256 mendis
1214 4207 1349 4272 parasse

262 4301 318 4344 uon
331 4286 432 4362 possit
