3062 4958
264 346 327 412 318
637 349 667 406 C.
691 349 864 412 SALLUSTI
887 350 1000 410 CRISPI

264 537 349 608 Asia
380 537 421 606 ab
451 535 533 628 ipsis
567 537 707 612 obsessa
734 541 801 628 esi,
832 543 1002 632 postremo
1030 538 1132 606 lotam
1162 533 1384 627 Bithyniama

264 663 442 736 Nicomede
461 665 591 732 mortuo
610 663 791 755 diripuere,
812 687 912 758 quum
932 665 1021 736 lilius
1042 665 1149 754 Nysa,
1171 683 1269 756 quam
1291 683 1350 732 re-

266 790 379 883 ginam
406 788 646 880 appellaverat,
665 790 798 882 genitus
818 789 906 860 haud
926 771 1023 860 dubie
1041 789 1141 858 essai.
1167 787 1249 858 Nam
1269 785 1394 880 quidm

266 937 333 1007 ego
362 936 415 984 me
447 915 635 1006 appellem?
662 937 760 1008 quem
791 915 969 988 dianetum
996 915 1142 1009 undique
1166 911 1281 1006 regnis
1316 916 1349 980 ct

265 1040 450 1112 tetrarchiis
467 1039 508 1110 ab
531 1039 819 1131 imperiosorum,
840 1041 918 1134 quia
931 1041 1019 1112 lama
1040 1041 1112 1110 erat
1123 1036 1267 1122 divitem,
1285 1058 1349 1107 ne-

267 1189 332 1261 que
350 1167 549 1238 serviturum
569 1187 655 1253 esse,
675 1189 736 1259 per
755 1167 965 1241 Nicomedem
987 1165 1072 1237 bollo
1096 1163 1347 1243 lacessiverunt,

264 1292 400 1364 sceleris
419 1313 534 1364 eorum
557 1291 644 1363 haud
666 1292 835 1386 ignarum,
859 1296 891 1365 ei
917 1315 973 1380 ea,
999 1314 1083 1386 quae
1105 1289 1269 1374 accidere,
1293 1293 1349 1358 te-

260 1520 358 1631 Ὑμεῖς
381 1532 475 1629 (Sullp
502 1535 651 1628 ahoquitur
675 1536 824 1631 optimates
848 1534 958 1590 urbium
983 1532 1185 1600 Asiaticarum)
1208 1515 1348 1588 Ἀττάλου

266 1619 319 1676 τοῦ
350 1607 551 1718 Φιλομήτορος
568 1606 638 1719 τὴν
672 1605 767 1720 ἀρχὴν
796 1605 926 1694 ἡμῖνν
894 1612 926 1675 ἐν
953 1608 1114 1694 διαθήκαις
1137 1603 1348 1684 καταλιπόντος

264 1691 456 1782 Ἀριστονίιιρο
475 1693 576 1760 aad*
561 1703 647 1778 ημῶν
661 1697 811 1780 τέτταρσιν
831 1697 904 1762 ἔτεσι
928 1703 1120 1777 σννεμαχεῖτε
1154 1700 1324 1760 Plutarch.
1318 1717 1346 1754 ιιι

268 1789 329 1843 Tib.
348 1789 468 1845 Gracch.
495 1808 519 1845 c.
548 1794 589 1848 le.
617 1791 718 1844 in.-
745 1791 785 1844 De
804 1789 1006 1846 Aristonicov.
1029 1789 1184 1860 praeterii.
1200 1789 1229 1844 ll.
1247 1786 1345 1842 lustin.

268 1873 393 1945 XXXVI,
414 1877 440 1942 4,
455 1878 482 1932 6.
510 1875 584 1929 Erat
602 1889 641 1930 ea
661 1875 785 1930 Eumene
804 1875 987 1944 Ατιαλοαίοαα,
1008 1890 1063 1930 nou
1083 1875 1152 1930 iusto
1165 1873 1346 1942 matrimomo,

267 1959 317 2013 sed
330 1973 367 2014 ex
377 1961 479 2032 pellice
494 1959 626 2032 Ephesia,
642 1960 827 2016 eitharimiae
841 1959 983 2014 cuiusdam
994 1959 1069 2031 filia,
1085 1961 1204 2031 penitus,
1225 1959 1273 2030 qui
1281 1961 1349 2028 posi

267 2051 380 2100 mortem
393 2044 478 2101 Attali
487 2047 558 2101 velut
565 2051 717 2117 paternum
732 2061 847 2118 requam
860 2044 955 2100 Asiam
969 2047 1074 2100 inuasit.
1109 2044 1190 2100 Oros.
1203 2044 1238 2112 V,
1254 2049 1296 2104 10.

353 2135 378 2196 S·
393 2135 421 2190 9.
452 2130 612 2204 Bithyniam
634 2161 676 2170 -—
695 2131 849 2203 diripuere)
876 2131 916 2184 lla
937 2128 1078 2186 invidiose
1099 2129 1166 2184 dicit
1187 2129 1347 2199 occupatio·

268 2232 332 2271 nem
352 2215 502 2288 Bithyniae
524 2223 690 2272 testamento
715 2217 850 2272 Romanis
872 2215 1005 2282 traditae;
1030 2231 1059 2270 v.
1080 2215 1142 2270 Liv.
1163 2215 1236 2286 Epit.
1251 2211 1345 2268 XClll.

267 2302 428 2358 Nicomedes
441 2301 590 2374 Bithyniae
603 2317 659 2358 rex
672 2305 792 2358 moriens
806 2303 942 2373 poputum
956 2300 1114 2356 Romanum
1126 2300 1194 2372 fecit
1209 2299 1346 2368 heredem,

267 2401 435 2460 raucumque
454 2388 512 2442 eius
530 2389 560 2442 iu
575 2390 738 2459 prouinciae
754 2387 876 2482 formam
898 2385 1040 2441 redactum
1061 2393 1110 2441 est.
1139 2386 1251 2442 Arrian.
1269 2384 1345 2454 apud

268 2472 348 2528 Phot.
366 2471 430 2527 cod.
445 2475 489 2530 93.
506 2489 534 2542 Ρ.
551 2474 594 2530 73.
611 2475 639 2528 b.
656 2472 702 2528 ed.
718 2472 810 2528 Belrk.
834 2457 1000 2572 Οέσχατρς
1015 2460 1191 2546 Νικομηδης
1205 2468 1347 2528 τελευτῶν

267 2543 323 2631 τὴν
336 2543 502 2632 βασιλείαν
502 2551 645 2630 Ρωμαίοις
662 2574 737 2613 κατα
726 2544 902 2632 διαθηαας
917 2545 1067 2614 ἀπέλιπεν.
1084 2558 1118 2611 cl.
1136 2556 1173 2612 ad
1188 2555 1234 2612 Fr.
1251 2555 1284 2623 ll,
1299 2558 1344 2614 47.

268 2671 310 2681 -
325 2642 427 2698 Verbis
444 2658 527 2714 ρανια
538 2642 613 2712 filius
626 2642 756 2716 Nysu—
771 2650 842 2698 esset
853 2640 1028 2700 Mithridates
1042 2644 1162 2716 probare
1177 2643 1345 2712 vult,quan1

268 2727 369 2782 iniuste
384 2727 503 2782 Romani
519 2726 690 2799 Bithyniam,
709 2728 790 2800 quasi
805 2744 974 2800 possessore
991 2744 1119 2796 vacuam,
1135 2726 1346 2798 occupaverint.

268 2813 298 2867 ln
313 2811 367 2868 hac
383 2812 468 2885 igitur
487 2813 624 2870 sententia
637 2830 719 2886 quum
734 2816 809 2870 valet
823 2829 1004 2887 quamquam
1020 2831 1050 2872 v.
1066 2813 1102 2870 ad
1116 2814 1163 2872 Fr·
1179 2813 1223 2884 ΙΙΙ,
1240 2813 1284 2880 77,
1301 2816 1344 2870 18.

271 2927 307 2936 -
327 2897 405 2970 Nysa
427 2915 497 2956 uxor
518 2899 569 2954 luit
588 2898 766 2970 Nicomedis,
788 2901 863 2956 tenui
879 2902 941 2956 loco
957 2905 1033 2968 orta,
1055 2898 1107 2956 sed
1123 2901 1157 2955 ab
1173 2898 1235 2970 ipso
1250 2896 1287 2952 ad
1303 2913 1346 2952 re·

268 2984 352 3056 giuae
370 2983 533 3057 dignitatem
550 2992 663 3056 evecta,
687 2985 716 3041 id
732 2943 808 3059 quod
823 2985 997 3059 significatur
1014 2986 1108 3041 verbis
1124 3001 1207 3056 quam
1219 2984 1345 3054 reunitum

267 3070 471 3166 appellaverat,
493 3071 530 3127 ei.
554 3071 723 3128 Plutarch.
717 3089 745 3127 ιιι
765 3072 832 3126 Luc.
851 3089 877 3126 c.
894 3075 938 3130 18
968 3065 1095 3144 Μονίμη
1111 3061 1346 3167 δὲΜιλησλα-

267 3171 319 3212 τον
306 3148 474 3230 βασιλέως
488 3154 647 3233 πειρῶντος
661 3141 823 3251 αντὴν-
780 3140 977 3228 ἆ-ντέσχε,
997 3135 1147 3233 μέχρις
1109 3171 1146 3212 ou
1166 3145 1273 3252 μάμανν
1285 3145 1346 3228 tpi-

269 3257 355 3296 νοντο
376 3240 528 3316 συνθῆκαι
548 3235 599 3297 παλ
619 3229 750 3314 διάδημα
769 3233 889 3313 πέμψας
908 3229 984 3318 αὐτῇ
1003 3236 1073 3315 liud
1078 3228 1273 3296 ίλισααν’
1255 3256 1346 3311 ανη-

267 3313 455 3402 μόρενσεν.
484 3327 578 3397 Vulgo
600 3325 692 3380 editur
709 3326 919 3396 appellaverunt
940 3331 1038 3382 contra
1061 3324 1145 3380 codd.
1163 3323 1248 3380 fidem
1268 3325 1347 3392 (narn

269 3417 410 3483 receptam
426 3410 577 3468 lectionem
592 3415 682 3465 tuetur
700 3409 760 3464 Vat
781 3417 806 3470 1.
821 3413 913 3479 et2.,)
933 3417 960 3466 et
976 3425 1113 3482 perverso
1129 3426 1225 3466 sensu
1271 3408 1347 3464 Nun-

270 3512 353 3567 quam
369 3497 442 3552 enim
457 3495 577 3551 Romani
592 3509 695 3550 uxores
710 3510 821 3567 regum,
847 3513 917 3568 quae
934 3513 990 3550 non
1004 3497 1096 3552 iustae
1109 3495 1226 3568 reginae
1240 3497 1347 3562 essent,

269 3581 349 3654 regio
364 3582 442 3636 titulo
458 3581 605 3636 ornabant.
621 3607 664 3619 -
678 3580 772 3652 Verba
790 3583 896 3654 penitus
914 3580 1128 3642 hauddubie
1148 3597 1205 3637 non
1227 3580 1346 3635 obscure

270 3667 395 3722 indicant
414 3663 511 3738 Nysae
533 3664 631 3733 filium,
647 3681 729 3736 quem
745 3665 864 3722 Orellius
878 3667 907 3721 Ιιι
922 3665 1066 3724 Onomast.
1082 3664 1172 3722 Cicer.
1187 3665 1252 3720 Vol.
1268 3663 1301 3718 ΙΙ.
1316 3680 1345 3734 p.

269 3756 330 3810 421.
347 3768 372 3806 a.
387 3750 456 3806 scite
479 3749 599 3806 coniecit
616 3756 695 3822 patre
717 3758 826 3809 mortuo
847 3768 966 3823 regnum
986 3752 1201 3823 aliquantisper,
1223 3748 1275 3805 sed
1297 3749 1349 3802 im-

269 3851 407 3908 prospera
430 3850 565 3892 successu
589 3835 757 3906 affectasse,
779 3837 913 3898 Romanis
928 3853 985 3892 non
1005 3838 1127 3909 legitime
1142 3841 1237 3892 natum
1254 3834 1347 3890 visum

271 3921 374 3989 luisse,
399 3937 454 3992 quo
474 3919 550 3977 ducit
570 3923 653 3978 etiam
672 3923 718 3980 Fr.
734 3923 767 3994 ΙΙ,
786 3927 840 3993 57,
862 3922 918 3992 ubi,
941 3923 988 3996 qui
1008 3922 1129 3993 fulcos
1147 3921 1221 3993 filius
1236 3918 1347 3986 dicitur,

270 4005 450 4077 probabiliter
471 4002 547 4062 idem
568 4014 610 4064 est
630 4008 846 4081 intelligendus;
877 4025 968 4080 neque
997 4008 1080 4064 aliurn
1109 4022 1222 4062 sensum
1241 4004 1347 4061 habere

272 4090 401 4148 videntur
416 4094 504 4149 verba
519 4092 687 4166 ΑΡΡΙιιιιΙΒ.
703 4094 797 4150 ΜΙΙΙιι.
813 4110 838 4148 c
854 4097 896 4154 71.
928 4081 1160 4168 Νινομήδονς”
1140 4107 1207 4168 αρτι
1221 4085 1347 4146 τεθνεῶ-

271 4193 320 4247 τος
334 4166 507 4249 ἄπαιδος,
523 4179 542 4234 Ι.
559 4197 584 4234 e.
603 4180 663 4237 sine
681 4178 739 4234 lilio
756 4179 888 4251 legitimo.

355 4270 380 4332 S
398 4272 439 4324 10
470 4265 542 4322 Nam
564 4267 631 4338 quid
652 4279 700 4337 eya
720 4279 762 4318 me
783 4265 959 4336 appellaui)
988 4264 1063 4320 Haec
1085 4265 1173 4321 verba
1190 4277 1246 4318 ιιοιι
1264 4257 1350 4334 perti-
