3062 4958
435 379 681 438 HISTORIARUM
703 381 937 440 FRAGMENTA.
980 380 1047 436 LlB.
1071 381 1117 436 lll.
1250 371 1313 438 283

192 565 402 642 loconcIonis
419 566 528 636 locum
549 586 712 638 memores
736 567 904 638 libertatis.
950 567 1076 640 Deinde
1098 567 1155 656 (ne
1179 587 1243 638 uos
1269 567 1312 636 nd

232 690 339 762 virilia
359 691 416 762 illa
441 714 575 778 vocem,
603 715 669 786 quo
692 693 842 764 tribunos
864 692 987 784 plebei,
1014 694 1113 766 modo
1141 693 1312 785 patricium

232 815 476 907 magistratum,
495 819 597 890 libera
609 819 650 890 ab
668 817 856 890 auctoribus
870 817 1014 908 patriciis
1029 819 1190 912 suffragia
1204 819 1313 890 maio·

233 961 287 1010 res
309 943 413 1012 vostri
438 947 612 1036 paravere)
633 965 734 1037 quum
757 943 810 1014 vis
831 942 952 1028 omnis,
976 940 1137 1030 Quiritem,
1162 943 1193 1014 in
1217 942 1313 1014 vobis

233 1064 291 1149 sit,
322 1069 354 1134 et
388 1089 473 1160 quae
493 1069 597 1140 'iussa
628 1089 715 1138 nunc
743 1066 905 1158 proeliis
937 1066 1102 1152 toleratiS,
1128 1091 1189 1158 pro
1206 1067 1313 1150 ¹vobis

231 1211 335 1282 agere
349 1195 406 1262 aut
426 1215 491 1262 non
506 1216 614 1286 agere·
630 1195 717 1263 certe
730 1190 883 1284 possitiS,
903 1191 1015 1262 Iovem
1031 1195 1087 1262 aut
1101 1191 1201 1262 olium
1216 1214 1313 1288 quem

233 1393 288 1450 σθε
308 1379 467 1464 ἀκούοντες
486 1380 525 1470 ἢν
546 1393 752 1474 προςαγγε1θῇ
767 1412 795 1452 τι
815 1383 964 1470 νεώτερον.
996 1381 1064 1454 Εἶτ’
1086 1381 1227 1454 ἆπελθὼν
1248 1389 1314 1453 ἔκα-

232 1490 299 1547 στος
311 1467 397 1554 ὑμῶν
410 1465 498 1538 οὐδὲν
511 1477 657 1555 φροντίζει
674 1473 741 1556 περὶ
764 1464 878 1552 αὐτῶν,
896 1469 964 1539 ἀλλ’
987 1467 1056 1541 οὐδὲ
1074 1475 1227 1556 μέμνηται.

316 1569 343 1632 s.
359 1571 402 1624 15.
421 1564 529 1622 Deinde
541 1563 634 1623 Ionem
651 1573 700 1622 ont
719 1567 803 1622 alnon
822 1580 902 1637 quem
921 1569 1002 1625 deum
1017 1568 1198 1624 consultorem
1211 1581 1312 1640 exepe-

236 1651 354 1718 ctotis?)
383 1651 524 1716 Alterum,
547 1651 623 1722 quod
638 1657 736 1708 censet
754 1652 858 1719 Macer,
871 1668 922 1723 per
937 1653 1183 1729 interrogationem
1199 1653 1313 1720 elatum,

232 1734 306 1790 hanc
324 1733 408 1792 habet
422 1735 603 1792 sententiam:
625 1735 697 1794 Dein
711 1738 768 1806 (sc.
784 1739 911 1805 censeo),
927 1755 1011 1810 quum
1027 1740 1056 1794 in
1072 1743 1167 1796 vestra
1178 1753 1263 1792 manu
1278 1738 1314 1792 sit

234 1820 314 1876 vobis
337 1821 407 1891 Ipsis
429 1821 593 1889 consulere,
615 1836 651 1878 ne
671 1826 830 1894 exspectate
853 1819 945 1880 Iovem
965 1829 1014 1880 ont
1036 1824 1120 1880 olnam
1140 1836 1220 1895 queem
1233 1823 1314 1878 deum

233 1905 424 1962 consultorem.
446 1906 487 1962 Ita
507 1911 583 1960 recte
606 1906 775 1964 Debrossius
797 1905 870 1962 hanc
890 1909 1038 1980 periodum
1061 1907 1217 1976 constituit,
1241 1921 1313 1978 quae

233 1991 298 2046 oIIm
319 1997 423 2062 puncto
444 1995 509 2062 post
522 1992 636 2062 possitis
658 1991 823 2058 finiebatur,
848 1992 1065 2066 interrogatione
1087 1993 1313 2064 insequentibus

234 2075 351 2130 sublata.
383 2075 414 2130 ln
436 2074 600 2148 parenthesi
620 2075 699 2132 varie
726 2077 864 2132 turbatum
887 2078 945 2134 luit.
980 2077 1040 2146 Quo
1060 2079 1136 2134 enim
1155 2095 1240 2150 quum
1256 2094 1313 2132 non

233 2159 420 2232 intelligerent
441 2158 579 2228 editores,
608 2162 656 2218 alii
684 2159 751 2217 inde
779 2161 904 2218 lecerunt
923 2179 1021 2234 wem,
1047 2163 1093 2218 alii
1118 2162 1195 2234 ptris,
1216 2167 1314 2216 contra

233 2244 319 2299 fidem
338 2245 479 2302 codIcum.
507 2243 616 2302 Rursus
638 2246 685 2302 alii
704 2245 783 2302 allter
798 2261 870 2302 voce
884 2247 963 2303 modo
978 2249 1114 2304 laborant.
1144 2244 1312 2302 Ciacconius

235 2329 325 2395 enirn,
346 2330 408 2401 pois
429 2345 481 2401 pro
502 2345 555 2401 quo
572 2330 717 2398 scribens,
738 2328 816 2386 modo
831 2329 982 2388 delendum
999 2337 1112 2399 censet,
1138 2331 1241 2388 Orellio
1256 2347 1312 2387 non

233 2414 348 2468 multum
374 2414 573 2482 dissentiente;
600 2444 642 2454 -
667 2415 787 2472 Ursinus
814 2417 911 2472 maluit
937 2416 1000 2490 quis
1019 2417 1142 2474 trr'lmnos
1157 2415 1202 2488 pl.
1224 2417 1312 2484 modo,

232 2498 311 2554 modo
325 2515 358 2571 p.
380 2517 434 2564 m.;
457 2529 493 2540 -
521 2497 630 2556 Cortius
652 2517 708 2556 non
729 2501 853 2572 geminat
868 2501 981 2572 quidem
996 2502 1177 2573 particulam,
1194 2500 1247 2558 sed
1261 2518 1312 2574 pro

234 2584 377 2655 geminata
398 2583 590 2658 accipiendam
612 2592 727 2656 censet3
744 2616 787 2624 -
801 2585 970 2644 DebrossIus
984 2605 1037 2659 quo
1052 2587 1207 2644 tribunis
1225 2587 1316 2658 plebei

233 2669 430 2728 mandando
448 2671 600 2743 pamniam
619 2687 691 2745 mog.
710 2671 823 2742 scripsit
834 2687 842 2739 ;
863 2703 905 2714 -
932 2672 1056 2730 Gronov.
1071 2672 1211 2730 Observv.
1230 2672 1249 2738 l,
1265 2677 1311 2732 25.

232 2773 261 2826 p.
278 2759 337 2814 157.
355 2772 408 2828 qno
428 2771 480 2828 per
501 2756 604 2810 tmesin
624 2757 734 2814 amodo
756 2756 914 2814 seiunctum
931 2763 1032 2828 putans
1049 2775 1101 2829 pro
1117 2757 1249 2830 quornodo
1267 2772 1313 2812 ca-

232 2839 287 2910 pit;
309 2867 351 2878 ·-
372 2839 491 2897 Orellius
516 2838 638 2910 denique
664 2840 800 2898 modoad
823 2841 1023 2912 praecedentia
1042 2841 1156 2898 trahens
1177 2841 1315 2898 duntaxat

233 2924 444 2992 interpretatur,
468 2923 534 2994 quia
547 2923 657 2994 patricii
674 2926 708 2981 ab
726 2941 759 2978 eo
775 2926 940 2995 magistratu
956 2927 1086 2997 omnique
1107 2927 1168 2982 eius
1187 2927 1245 2982 iure
1263 2943 1313 2982 ex-

234 3007 305 3063 clusi
319 3013 425 3064 essent.
446 3008 524 3064 Haec
536 3007 631 3064 omnia
642 3009 725 3066 falsa.
747 3009 869 3066 Primum
884 3009 1035 3066 tenendum
1051 3016 1095 3069 est
1111 3027 1164 3082 qno
1176 3011 1213 3066 ad
1224 3011 1315 3067 virilr'rr

234 3093 280 3147 illo
287 3093 404 3148 relatum
415 3109 472 3151 non
480 3109 544 3148 esse
550 3109 718 3165 pronomen,
730 3093 783 3150 sed
794 3091 971 3162 adverbium,
978 3111 1033 3166 quo
1045 3094 1142 3152 relatio
1155 3095 1314 3166 generalior

234 3176 372 3248 quaedam
387 3179 543 3247 conficitur,
560 3195 643 3252 quam
658 3197 709 3251 per
727 3178 896 3236 adiectivam
915 3180 1032 3234 sormam
1049 3195 1112 3236 cum
1125 3179 1314 3249 praecedente

235 3263 346 3320 nomine
369 3271 580 3338 congruentem.
616 3263 705 3322 Hqus
727 3263 842 3320 dicendi
863 3264 991 3337 generis,
1013 3281 1068 3336 quo
1091 3280 1211 3320 caussae
1232 3270 1315 3334 atque

233 3349 408 3408 instrumenti
423 3352 498 3406 notio
514 3350 682 3423 generaliter
700 3351 871 3421 exprimitur,
889 3350 988 3406 similis
1003 3350 1140 3416 ostrado,
1157 3364 1229 3420 quae
1245 3365 1313 3406 cou-

234 3434 349 3506 spicitur
364 3438 393 3494 lu
407 3453 463 3509 qno
480 3441 507 3492 et
521 3451 556 3492 eo
571 3434 726 3503 adverbiis,
742 3435 843 3506 quibus
859 3437 940 3492 locus
959 3435 1012 3502 ita,
1034 3439 1063 3490 ut
1085 3435 1161 3490 nulla
1181 3434 1219 3490 ad
1233 3450 1315 3506 prae·

233 3519 360 3576 cedentis
379 3521 547 3581 substantivi
562 3535 652 3592 genus
667 3525 749 3591 atque
769 3536 915 3576 numerum
930 3520 1027 3577 relatio
1043 3520 1087 3590 sit,
1102 3518 1242 3577 ludicatur
1251 3535 1260 3588 ;
1276 3519 1314 3574 cl.

234 3607 305 3677 Nep.
320 3606 340 3673 l,
356 3611 383 3675 3,
398 3613 422 3666 1.
450 3605 592 3662 Pontem
613 3605 682 3677 secr't
701 3607 730 3662 in
751 3604 848 3663 Hono
866 3606 995 3677 flumine,
1014 3622 1081 3678 qno
1102 3606 1197 3677 copies
1217 3603 1313 3660 trodu-

232 3696 317 3746 ceret.
344 3690 386 3746 Id.
408 3690 506 3759 XVIII,
526 3695 553 3758 8,
569 3693 596 3748 4.
625 3689 706 3748 eoae
730 3695 812 3746 ernau
829 3692 920 3759 niae,
941 3707 1009 3762 quo
1028 3691 1068 3746 ad
1088 3690 1315 3748 adversan'onnn

233 3775 412 3834 tomacula
420 3781 517 3848 posset
527 3777 678 3845 pervener.
711 3774 780 3832 Sall.
795 3774 855 3848 lug.
871 3774 1021 3844 XXXVIII,
1037 3781 1065 3835 6.
1091 3775 1218 3832 Locum
1232 3773 1314 3830 nosti-

233 3857 284 3912 bus
304 3860 461 3916 Introdundi
480 3860 565 3928 dedit,
586 3874 696 3932 eaque
711 3861 848 3916 Numidae
869 3862 961 3916 cuncti
972 3863 1119 3933 irrupere,
1135 3860 1180 3915 ubi
1195 3878 1222 3915 v.
1240 3858 1315 3914 Cori.

235 3942 331 4012 Neque
346 3943 402 3998 alia
416 3943 529 3998 dicendi
543 3944 651 4001 ratione
666 3945 769 4012 nilitur,
785 3944 1048 4018 quodprooqur'lrne
1056 3947 1140 4000 etiarn
1148 3945 1213 4015 poni
1223 3947 1316 4015 potest

233 4027 323 4096 unde,
346 4044 398 4098 pro
413 4029 572 4100 apollonos
588 4030 677 4096 etlam
689 4030 750 4097 oli,
770 4046 821 4100 pro
837 4031 875 4094 ad
889 4045 934 4086 eos
950 4030 1034 4086 etlam
1049 4030 1127 4098 illuc,
1148 4034 1175 4084 et
1196 4029 1316 4100 plurIma

233 4107 318 4166 huius
338 4114 452 4184 generis
474 4115 537 4170 ella.
585 4115 678 4182 Quare
696 4131 749 4187 qno
771 4113 808 4169 ad
829 4115 919 4171 or'rilr'n
942 4115 989 4169 illo
1008 4115 1126 4170 relatum
1148 4130 1205 4168 non
1223 4115 1316 4168 nrinus

234 4201 308 4250 recte
322 4196 418 4266 habel,
434 4214 518 4268 quam
532 4199 561 4252 in
576 4200 729 4257 vernacula
744 4215 790 4254 um
810 4198 879 4258 erich
894 4197 969 4256 niclrt
986 4199 1120 4270 rajenen
1134 4197 1316 4269 nronnlroften
1346 4217 1349 4224 ¹

237 4276 343 4339 Trana
358 4282 590 4363 onszusordern,
601 4283 770 4346 nodurclr
788 4283 834 4348 ilrr
855 4289 919 4353 eto,
935 4300 987 4366 pro
1003 4283 1093 4348 durelr
1106 4283 1239 4350 nelelre
1258 4281 1314 4343 iln.
