3102 4956
439 347 687 407 HISTORIARUM
709 345 942 404 FRAGMENTA.
981 347 1046 402 LIB.
1068 348 1114 402 ΙΙΙ.
1253 341 1317 406 255

201 533 280 631 {At
316 533 469 606 Varinius
499 534 602 606 multa
634 533 697 606 iem
726 533 800 604 luce
827 533 1018 604 dcn'derans
1048 532 1146 603 solita
1176 555 1196 602 a
1222 532 1318 624 iugi-

233 661 307 732 tiois
337 659 487 731 convicia
515 663 548 729 et
582 659 615 728 in
647 667 759 730 castro
789 658 957 730 coniectus
990 657 1151 750 lapidum,
1180 660 1227 728 od
1256 658 1318 728 doc

234 932 284 1001 sit,
300 951 383 1006 quam
405 934 586 1002 ...llllDlNl‚
611 931 687 1005 quod
709 933 796 988 luisse
818 933 964 1005 formidini
981 934 1064 989 iacile
1086 933 1265 1006 intelligitur,
1281 947 1317 985 ex

235 1025 368 1090 sequente
384 1019 480 1076 ..RIN
490 1057 547 1092 ...‚
564 1018 641 1090 quod
654 1017 692 1074 ad
713 1017 822 1077 Vort'aii
834 1035 937 1074 nomen
955 1017 1046 1085 ducit,
1069 1035 1105 1074 ex
1125 1019 1205 1077 tertio
1225 1017 1317 1085 ...ΤΙ,

234 1103 310 1158 unde
327 1104 396 1160 nihil
411 1105 523 1175 elicias,
538 1103 610 1160 imus
626 1109 718 1160 autem
738 1103 767 1158 in
780 1103 904 1176 paginae
917 1104 1025 1175 primae
1044 1104 1173 1161 columna
1191 1101 1319 1161 secunda

235 1192 262 1240 et
277 1206 403 1246 summus
420 1190 448 1246 in
462 1189 585 1262 paginae
607 1186 751 1244 secundae
773 1190 904 1244 columna
926 1188 1017 1259 prima
1040 1188 1087 1242 toti
1108 1188 1258 1258 perierint,
1281 1186 1316 1241 de

119 1295 120 1298 ¹
235 1273 375 1344 explenda
391 1280 466 1332 tanta
481 1277 582 1330 lacuna
604 1275 730 1345 cogitare
752 1275 808 1328 non
830 1274 903 1333 licet.
937 1271 1029 1339 Quare
1050 1272 1118 1328 nihil
1138 1278 1232 1344 potest
1252 1287 1318 1330 con-

236 1359 327 1426 stitui,
347 1375 430 1428 quam
451 1359 479 1414 in
499 1359 568 1428 hae,
589 1374 662 1428 quae
683 1357 837 1426 intercidit,
857 1359 996 1429 particula
1016 1355 1109 1414 adhuc
1130 1357 1166 1412 de
1186 1356 1317 1418 discessu

235 1441 410 1498 clandestino
426 1444 617 1516 lugitivorum,
633 1441 784 1504 tormidine
794 1441 984 1502 Romanorum
999 1441 1104 1510 edicto,
1120 1441 1225 1498 dictum
1241 1458 1316 1508 esse,

236 1525 265 1580 id
284 1526 361 1597 qued
376 1528 516 1600 colligitur
533 1534 591 1584 tum
607 1543 641 1584 ex
662 1528 813 1598 postremis
837 1527 1009 1599 interceptae
1031 1526 1141 1598 periodi
1160 1527 1256 1582 verbis
1277 1526 1318 1585 in-

127 1646 129 1650 ·
234 1612 284 1668 viia
301 1617 473 1681 convertere,
494 1619 552 1670 tum
567 1628 603 1666 ex
617 1617 646 1666 ot
658 1613 796 1684 particula
816 1613 894 1668 initio
917 1613 1060 1684 sequentis
1080 1613 1187 1684 posita,
1210 1628 1265 1683 qua
1282 1612 1319 1666 sl-

236 1695 384 1768 gnificatur
399 1697 436 1754 ad
449 1715 509 1754 rem
523 1699 568 1753 vel
578 1713 730 1770 personam
745 1699 857 1756 transiri
872 1698 959 1770 priori
973 1699 1152 1756 contrariam.

320 1785 398 1838 ineis
416 1784 587 1850 convertere)
610 1782 650 1841 lta
665 1782 729 1838 cod.
747 1781 810 1841 Vat.
830 1783 1053 1843 -Niebuhrius
1073 1785 1165 1840 minus
1187 1787 1317 1838 accurate

237 1867 305 1940 legit
320 1867 437 1926 INITIIS
459 1865 697 1926 CONUERTERE
724 1866 795 1937 S..;
823 1869 973 1926 Bimardus
996 1865 1315 1926 IN...SCONUERTE-

236 1948 342 2008 RENT.
359 1953 523 2010 Gerlaehius
539 1969 623 2024 quum
638 1952 667 2008 in
688 1953 734 2010 ed.
756 1953 822 2008 mai.
844 1953 1056 2025 scripsissetis
1075 1969 1100 2008 s.
1120 1958 1317 2018 converterent,

236 2038 302 2094 Vol.
318 2037 363 2094 Ill.
387 2055 417 2110 p.
438 2043 498 2098 140.
516 2037 668 2096 admodum
690 2037 837 2109 ingeniose
858 2052 1018 2110 magnoque
1040 2038 1163 2097 adhibito
1187 2039 1317 2096 acumine

237 2123 357 2178 coniecit
371 2125 400 2178 in
417 2133 446 2180 ee
461 2127 659 2180 converterent.
676 2151 719 2160 -—
734 2124 787 2178 Pro
801 2124 880 2178 inerte
899 2123 991 2178 Maius
1013 2122 1090 2179 dedit
1105 2125 1133 2178 in
1149 2126 1212 2190 riis,
1231 2122 1316 2193 quod,

237 2224 422 2279 quaecunque
443 2208 493 2264 tuit
519 2206 652 2263 orationis
680 2207 851 2278 interruptae
876 2212 1029 2276 structura,
1049 2208 1126 2264 nullo
1148 2207 1232 2264 modo
1254 2223 1316 2261 cum

236 2295 395 2351 convertere
411 2295 498 2349 verbo
513 2291 657 2348 conciliari
669 2297 770 2362 potest.
802 2291 1027 2351 Consentaneum
1042 2298 1085 2350 est
1105 2293 1133 2348 in
1149 2291 1318 2350 anteceden-

236 2379 310 2434 tibus
330 2378 419 2432 iuisse
438 2377 562 2449 regionis
579 2377 625 2432 vel
645 2377 700 2432 loci
721 2393 837 2445 nomen,
859 2394 914 2449 quo
935 2377 1045 2450 fugitivi
1060 2394 1092 2434 se
1111 2377 1250 2434 itineribus
1271 2377 1317 2434 vel

173 2457 174 2460 ’
236 2461 349 2518 saltibus
363 2465 442 2521 inviis
454 2467 620 2520 cmoertere.

322 2552 348 2613 S.
364 2551 389 2608 Ι.
411 2547 448 2602 At
467 2546 611 2615 Varinius)
628 2544 696 2606 Ced.
712 2547 778 2604 Vet.
793 2547 1004 2606 AD...lNlUS.
1023 2548 1176 2607 Oscitantia
1188 2547 1317 2603 librarius

238 2633 351 2705 scripsit
363 2633 403 2688 od
414 2649 466 2704 pro
477 2638 521 2703 ot,
537 2648 619 2703 quem
633 2630 757 2688 errorem
774 2633 831 2688 iam
846 2633 937 2688 Melus
953 2634 1108 2704 perspexit.
1129 2631 1259 2690 Venetos
1271 2647 1319 2692 ex-

237 2718 326 2788 plevit
340 2717 519 2776 Niebuhrius.
534 2746 577 2756 -
590 2715 678 2772 Multo
697 2718 752 2772 iom
773 2718 846 2786 luce,
868 2719 885 2772 i.
907 2734 932 2773 e.
952 2725 1103 2790 postquam
1124 2719 1239 2776 multum
1261 2716 1319 2776 diei

238 2808 432 2872 processerat,
447 2807 476 2856 ut
492 2798 561 2856 Selt.
581 2801 640 2872 lug.
658 2816 684 2856 c.
700 2801 748 2868 LI,
766 2807 792 2860 2.
810 2801 947 2872 loquitur;
968 2803 1005 2860 ei.
1022 2803 1109 2862 Tacit.
1127 2803 1198 2860 Hist.
1212 2803 1254 2870 V,
1272 2789 1320 2870 m,

239 2891 265 2942 5.
281 2886 320 2961 ll,
335 2889 384 2955 44,
399 2891 425 2942 2.
440 2883 521 2940 Caes.
536 2884 570 2940 Β.
585 2885 617 2940 G.
634 2884 660 2950 l,
676 2889 726 2952 m,
740 2888 772 2942 4.
785 2885 845 2940 Liv.
866 2886 917 2954 111,
937 2889 986 2954 60,
1006 2891 1034 2946 Β.
1062 2887 1131 2946 Eius
1149 2875 1319 2944 eontrarium

239 2975 283 3024 est
297 2971 382 3026 mutto
397 2969 543 3031 normes.
560 2966 616 3024 Cic.
631 2968 704 3038 Epp.
722 2967 758 3024 ed
775 2967 806 3034 Q.
821 2969 865 3024 Fr.
879 2969 918 3040 ll,
936 2973 964 3028 9.
975 2969 1009 3036 Q.
1027 2970 1085 3030 Cic.
1095 2971 1135 3030 ¹de
1144 2972 1223 3027 Petit.
1238 2987 1318 3026 eous.

241 3072 266 3108 e.
282 3057 326 3113 13.
342 3055 403 3110 Liv.
414 3053 533 3122 XXXV,
548 3055 578 3120 4,
594 3059 620 3110 5.
639 3052 726 3108 Tacit.
742 3052 812 3108 llist.
827 3053 877 3122 ΙΙΙ,
891 3055 939 3120 il,
958 3060 983 3114 l·
1001 3053 1153 3112 XREYSS.

325 3139 487 3200 desiderum
501 3133 611 3194 solitoo
630 3137 752 3209 fugitiuis
767 3139 901 3205 conuicio)
925 3135 995 3200 Cod.
1017 3141 1082 3199 Vat.
1112 3135 1320 3194 ...DERANS·

242 3222 479 3282 SOLITAAFUGI
487 3261 561 3278 .....
570 3221 752 3290 curtulum
768 3221 940 3280 -Bimard
963 3221 1170 3286 ....DERANS
1190 3219 1319 3278 SOLlTA

241 3307 268 3364 A
290 3310 370 3365 FULI
378 3347 451 3366 .....
459 3308 531 3365 0Νο
561 3306 694 3366 ACTAE.
724 3308 819 3364 Verba
847 3307 964 3364 feliciter
984 3309 1104 3368 restituit
1122 3307 1320 3384 Kreyssigius,

242 3410 410 3466 quamquam
425 3394 461 3449 de
476 3395 563 3452 verbo
580 3393 741 3450 desiderans
754 3394 892 3448 immerito
913 3394 965 3448 sibi
981 3393 1124 3451 diflidens.
1151 3392 1321 3450 Desiderato

243 3480 317 3534 enim
337 3496 394 3536 non
410 3481 502 3536 solum
521 3477 620 3534 dicitur
643 3475 678 3532 de
697 3477 747 3550 iis,
768 3493 844 3556 quae¹
862 3480 962 3539 abesse
979 3473 1122 3548 dolemus,
1138 3478 1185 3534 vel
1202 3477 1320 3548 requiri-

242 3581 320 3631 mus,
338 3563 390 3619 sed
405 3564 503 3618 latiore
519 3579 605 3618 sensu
621 3563 705 3617 etiam
722 3561 862 3633 significat
876 3564 1107 3633 animadvertere,
1122 3561 1234 3634 aliquid,
1248 3561 1322 3632 quod

239 3649 305 3720 fieri
317 3650 396 3716 solet,
411 3649 600 3719 nonomptios
616 3647 695 3716 fieri,
715 3661 787 3717 quae
809 3647 914 3717 duplex
931 3648 975 3704 vis
997 3650 1102 3720 pariter
1118 3649 1147 3704 in
1166 3648 1319 3704 vernaculo

242 3736 391 3790 permissere
406 3734 493 3800 inest;
510 3733 545 3788 ct.
563 3729 643 3786 Caes.
659 3731 691 3785 B.
715 3729 743 3787 C.
760 3731 810 3800 Ill,
833 3737 864 3802 9,
880 3737 907 3792 6.
930 3732 1109 3802 Sotoncoses,
1125 3733 1226 3811 pueris
1240 3732 1319 3788 muli-

242 3819 387 3891 eribusque
400 3821 428 3873 in
445 3834 524 3872 muro
538 3817 674 3887 dispositis
692 3829 727 3870 ne
742 3817 808 3888 quid
820 3818 994 3888 quotidmnoe
1008 3817 1209 3879 conectetodinis
1224 3815 1321 3880 desi-⁵

243 3904 450 3972 deraretur,
463 3904 520 3974 apsi
529 3932 573 3962 r-
588 3902 616 3956 io
625 3902 760 3972 proximo
771 3900 879 3964 ¹Octooii
892 3909 985 3958 oestro
1000 3905 1173 3975 irruperunt.
1187 3927 1231 3937 --
1248 3901 1319 3956 Con-

243 3990 313 4044 vicio
329 3990 438 4044 solito
454 4003 472 4041 o
491 3986 658 4058 fugitivis
679 3986 802 4056 intellige
820 3987 894 4058 (ieri.
916 4017 959 4028 —-
978 3989 1030 4044 Pro
1052 3987 1213 4044 desiderans
1228 3985 1319 4040 lllaius

244 4071 323 4128 dedit
338 4073 533 4144 considerans,
550 4087 636 4126 sensu
652 4071 754 4126 alieno.
774 4099 817 4111 -
835 4071 874 4126 Et
891 4073 921 4126 in
939 4078 1033 4130 eostre
1049 4074 1184 4128 contectus
1199 4070 1320 4141 lepidum

244 4155 426 4230 Kreyssigius
447 4157 595 4216 verissime
617 4155 743 4214 exhibuit
763 4171 799 4209 ex
819 4156 884 4210 eod.
898 4158 967 4215 ,Vat
988 4154 1143 4214 ETINCAS
1158 4153 1319 4212 ...oule-

243 4235 332 4296 CTUS
348 4241 514 4300 LAPlDUM.
532 4229 682 4296 Bimardus
699 4240 728 4294 in
741 4239 869 4322 legendo·
879 4239 978 4319 codice
992 4241 1033 4298 sic
1052 4240 1207 4299 aberraviu
1222 4237 1268 4292 ΕΤ
1283 4236 1319 4292 ΙΝ
