3062 4958
434 399 681 458 HISTORIARUM
702 396 937 456 FRAGMENTA.
981 400 1047 455 LlB.
1071 399 1116 454 lll.
1257 395 1317 458 261

233 589 397 661 fluendum
419 589 559 682 aadr'qrm
578 591 682 679 firmo
713 586 820 656 fidens
841 589 982 672 aumlio,
1011 609 1090 656 suae
1108 587 1233 676 patriae
1262 587 1318 657 in-

232 733 358 782 memor
375 727 467 800 orsa·
479 713 626 806 plurumi
655 712 772 782 servili
798 717 925 805 ruperia
951 713 1037 782 ultra
1061 713 1215 802 praedam
1237 711 1320 782 uiti

192 840 386 932 recapitare.
410 837 464 910 Ila
483 841 613 909 r'malam
635 841 705 930 sari
721 838 883 930 Spartaci
895 829 1077 916 consilium,
1102 837 1193 928 qaod
1209 838 1242 905 ia
1259 837 1320 906 toli

309 1081 438 1153 plurumi
457 1080 551 1136 sorelli
573 1080 699 1153 inperio)
733 1078 824 1146 Quum
845 1078 874 1132 in
902 1077 966 1132 cod.
992 1077 1057 1132 Vat.
1079 1075 1173 1132 adhuc
1194 1077 1317 1148 supersit

233 1165 500 1222 ...RUMISERUIL
510 1201 583 1231 .....
601 1163 715 1219 dubium
731 1180 785 1218 non
803 1168 854 1232 est,
872 1163 938 1234 quin
950 1167 1078 1233 quattuor
1089 1159 1195 1230 primae
1207 1161 1315 1218 litterae

232 1260 268 1306 ex
284 1251 457 1322 superlativo
473 1249 623 1320 supersint.
655 1247 763 1314 Quodsi
779 1248 953 1320 reputaveris
975 1245 1169 1318 praecessisse
1186 1246 1314 1319 pruden-

232 1343 280 1402 tes,
294 1361 334 1372 ·—
348 1351 440 1405 pars,
464 1339 570 1388 certum
593 1332 703 1388 videtur
720 1333 766 1388 hic
785 1332 872 1408 luisse
881 1333 1017 1405 plurumi,
1033 1347 1088 1400 quo
1103 1330 1215 1400 partitio
1229 1331 1315 1401 plena

231 1415 383 1494 perficitur.
413 1419 443 1472 ln
459 1416 584 1474 SERUIL
598 1458 605 1470 .
620 1458 627 1471 .
645 1457 651 1470 .
674 1423 765 1472 autem
785 1433 839 1482 non
856 1416 967 1472 Seruilii
982 1415 1062 1470 ducis
1078 1430 1179 1468 nomen
1195 1415 1270 1482 latet,
1287 1421 1316 1470 ut

233 1502 398 1560 Gerlachius
415 1503 480 1557 Vol.
503 1501 548 1556 Ill.
567 1505 670 1573 paee.
696 1502 763 1563 satis
779 1501 905 1572 imperite
921 1499 1048 1569 coniicit,
1072 1497 1124 1554 sed
1144 1499 1251 1554 seruilis
1265 1499 1315 1554 ad-

207 1635 208 1639 ,
233 1587 328 1644 iectivi
354 1604 438 1644 casus
468 1586 579 1657 aliquis.
626 1585 718 1654 Quare
740 1587 834 1652 seculi
852 1587 958 1658 inperio
984 1602 1000 1640 a
1023 1583 1157 1640 Sallustio
1181 1583 1314 1653 scriptum

234 1673 320 1730 tuisse
335 1665 390 1728 non
407 1673 498 1727 minus
513 1677 620 1726 certum
634 1676 775 1742 putamus,
792 1671 1019 1742 quamplurimi,
1040 1669 1066 1724 si
1082 1667 1166 1724 modo
1184 1668 1212 1722 in
1227 1684 1315 1723 sensu

232 1757 408 1832 sequentium
434 1758 581 1832 verborum
604 1755 783 1827 assequendo
806 1772 903 1810 verum
920 1756 1074 1826 tetigimus.
1104 1751 1223 1809 Servilis
1239 1753 1314 1808 enim

232 1843 336 1914 ingenii
353 1859 438 1913 quum
455 1842 605 1908 adimari,
628 1857 743 1912 rapere,
764 1840 907 1914 praedari,
925 1857 961 1894 ex
977 1835 1085 1894 codicis
1104 1838 1166 1893 Vat.
1183 1838 1312 1912 vestigiis

234 1927 351 1983 ULTRA
364 1926 472 1982 PRAE.
483 1965 506 1980 ..
519 1933 618 1997 sponte
630 1927 737 1982 elicitur
749 1929 823 1982 altra
832 1925 1018 1997 praedam.
1039 1924 1117 1992 Quae
1130 1926 1217 1980 verba
1228 1939 1313 1994 quum

231 2011 372 2084 postulent
387 2013 566 2084 negationem
581 2012 697 2082 subiici,
713 2028 812 2069 rursus
828 2012 994 2067 necessitate
1010 2008 1132 2082 quadani
1146 2008 1183 2064 ad
1198 2009 1312 2082 supple·

232 2104 353 2152 mentum
364 2096 433 2152 nilril
442 2098 563 2168 copitare
577 2095 712 2152 ducimur.
735 2096 877 2150 Praedam
888 2097 1017 2166 copitare,
1029 2094 1075 2151 vel
1086 2094 1159 2148 altra
1171 2094 1313 2165 praedam

232 2183 300 2236 rrilril
313 2177 442 2253 oppilare,
464 2198 547 2251 quarn
563 2185 638 2236 recte
655 2188 682 2236 et
697 2180 734 2237 ad
749 2181 914 2235 sententiam
930 2179 1014 2234 huius
1030 2178 1084 2234 loci
1101 2177 1312 2235 accommodate

233 2267 356 2336 dicatur,
375 2266 535 2337 intelligitur
551 2265 615 2320 coll.
634 2263 690 2322 Cic.
708 2266 736 2320 in
757 2263 834 2320 Catil.
850 2265 884 2328 ll,
897 2268 924 2332 9,
938 2269 983 2324 29.
1013 2263 1149 2318 Desinant
1160 2262 1261 2334 farere
1278 2279 1313 2317 ac

226 2353 522 2426 proscriptiones
539 2356 579 2422 ,et
603 2351 809 2405 dictaturas
834 2350 1005 2421 copitaro.
1026 2376 1069 2388 -
1097 2346 1191 2402 Obiter
1216 2363 1312 2402 mone-

232 2455 293 2492 mus
314 2435 495 2492 Niebuhrium
518 2433 678 2491 induobus
704 2435 853 2506 postremis
877 2435 1007 2491 versibus
1028 2433 1175 2488 columnae
1198 2432 1312 2503 quintae

232 2522 364 2586 eruendis
382 2523 472 2576 minus
492 2537 575 2593 quarn
591 2521 696 2576 Maium
712 2522 823 2576 felicem
840 2535 891 2592 pro
908 2508 1329 2576 SERUIL...ULTRAPRAE'

285 2647 291 2661 .
310 2607 425 2683 legisse
433 2605 549 2663 SERUU
558 2644 565 2658 .
575 2645 581 2658 .
592 2605 776 2662 laurata.
800 2605 846 2684 Ad
858 2605 932 2662 hunc
944 2605 1037 2676 ipsum
1047 2604 1140 2658 locum
1149 2602 1312 2674 respexisse

233 2692 342 2748 videtur
364 2679 554 2748 Plutarchus
547 2707 576 2746 m
593 2688 740 2747 Cressoc.
762 2696 788 2758 9,
803 2708 831 2762 p
853 2689 938 2758 med,
958 2691 1015 2762 qui,
1032 2704 1200 2759 quamquam
1216 2703 1311 2742 narra-

232 2777 334 2832 tionem
356 2777 391 2831 de
414 2778 532 2846 singulis
554 2775 681 2846 Spartaci
701 2776 803 2869 pugnis
828 2781 911 2871 atque
927 2773 1052 2830 consiliis
1071 2778 1214 2841 coartans,
1239 2773 1311 2828 haec

232 2877 262 2914 re
264 2863 331 2915 ier:t
332 2849 426 2954 Ἤδη
448 2853 502 2932 μὲν
516 2851 605 2956 μέγας
620 2876 671 2912 aar
662 2841 847 2940 'policratis'
826 2877 874 2930 ην,
891 2851 1045 2933 ἐφρόνει
1061 2849 1093 2912 δὲ
1111 2874 1153 2911 τα
1141 2843 1310 2954 εἰκότα,

233 2938 283 3040 api
293 2931 343 3044 μὴ
364 2939 537 3036 upocdouoiu
560 2931 829 3036 ὑπερβαλέσθαι
796 2959 852 3016 την
868 2931 1019 3014 Ρωμαίων
1029 2923 1197 3036 δύναμιν
1177 2959 1249 3037 ημεν
1265 2935 1312 2997 lut

231 3019 295 3096 τὰς
310 3019 456 3128 ’Ἁλιρεις
472 3013 715 3121 cicatricula,
732 3015 903 3119 οἰόμενος
925 3012 1311 3126 ἃεῖνλιπερβαλόνιας

232 3099 366 3181 αὐτοιλς
382 3105 442 3168 imi
462 3098 505 3167 sai
527 3106 647 3167 ολιιεια
668 3113 820 3207 χωρεῖν,
840 3095 908 3208 roric
920 3102 978 3183 μὲν
993 3105 1033 3176 εἰς
1046 3099 1193 3210 Θρᾴκην,
1199 3127 1269 3177 τους
1284 3097 1309 3165 ιλ

231 3195 271 3266 εἰς
296 3192 454 3254 Γαλατίαν.
487 3191 534 3254 Oi
559 3189 598 3252 di
619 3187 756 3293 πλήθει
781 3213 817 3253 ιε
837 3185 941 3263 ὅντες
965 3165 1113 3272 ἰσχυροὶ
1135 3187 1196 3247 καὶ
1216 3187 1312 3290 μέγα

232 3281 463 3380 φρονοῦντες
480 3267 857 3358 οὕχῦιιήιιοιιον,αλλ’
875 3268 1310 3374 λιιόρθοιινλιιιιιορειιό-

231 3353 614 3443 μενοινὴνἸιαλλαν.
1305 3401 1307 3405 -

247 3449 250 3456 ’
317 3459 342 3519 S
359 3458 402 3512 13.
434 3452 479 3508 Ita
500 3455 608 3507 irritum
627 3451 682 3524 fait
703 3451 836 3524 Spartaci
854 3451 1009 3518 coralium)
1033 3449 1140 3526 Primus
1163 3449 1310 3503 columnae

232 3547 329 3596 sextae
353 3554 455 3593 versus
475 3543 549 3592 totus
568 3538 725 3606 intercidit,
747 3553 782 3590 ex
807 3536 932 3602 seeundo
949 3541 1005 3590 tres
1023 3525 1126 3590 tanturn
1145 3521 1252 3605 primae
1269 3535 1310 3587 tit-

231 3631 307 3680 terae
324 3622 396 3679 CON
409 3639 416 3675 ⁴.
427 3622 471 3676 '...
488 3629 646 3692 supersunt.
681 3623 758 3690 Quae
775 3615 878 3676 lacuna
891 3623 956 3676 licet
971 3621 1063 3674 maior
1078 3621 1122 3686 sit,
1139 3635 1222 3690 quam
1238 3633 1310 3690 quae

232 3715 307 3766 certo
323 3707 430 3779 expleri
445 3708 549 3778 possit,
571 3715 662 3762 tamen
686 3708 759 3762 iusta
781 3705 923 3778 cogitandi
942 3705 1011 3760 ratio
1028 3703 1166 3772 ostendit,
1188 3705 1310 3774 aliquam

231 3787 433 3851 sententiam'a
450 3790 581 3848 Sallustio
604 3793 690 3848 tuisse
712 3781 849 3864 positam,
872 3808 927 3864 qua
944 3785 1120 3861 praecedens
1136 3789 1257 3844 narratio
1272 3787 1310 3842 de
1347 3789 1350 3794 '

230 3879 382 3936 certamine
404 3877 516 3934 consilii
531 3879 603 3931 inter
619 3879 751 3949 fugitivos
766 3879 849 3946 plane
871 3877 1073 3932 absolveretur.
1107 3874 1199 3941 Quare
1225 3878 1312 3928 tenta·

231 3967 339 4021 vimus:
361 3966 411 4018 ila
431 3963 576 4017 irritum
598 3962 670 4034 fait
693 3961 864 4033 Spartaci
886 3957 1080 4026 consiliari,
1104 3961 1310 4029 quocumbene

230 4055 387 4122 congruunt
402 4055 504 4114 cetera,
524 4047 623 4118 quibus
640 4046 794 4102 seeundum
809 4061 922 4102 versum
938 4045 1150 4142 supplevimus.
1171 4044 1286 4114 quod
1275 4059 1312 4097 aa

233 4137 298 4190 tali
313 4149 351 4190 re
372 4135 513 4205 optimum
534 4131 738 4186 videbaturm—
764 4131 857 4185 Aliam
878 4131 954 4186 viam
976 4129 1122 4208 ingressus
1145 4133 1188 4183 est
1209 4128 1310 4197 Maius,

233 4219 279 4290 qui
293 4219 381 4290 primi
392 4235 492 4274 versus
507 4218 636 4273 lacunam
651 4231 708 4272 non
723 4207 862 4296 attingens
878 4213 1032 4270 arcadicis
1045 4201 1173 4284 vestigiis
1186 4210 1257 4268 CON
1260 4249 1311 4266 .....

232 4295 554 4365 TIMUMUIDEBATUR
577 4303 698 4358 coniecit
724 4303 865 4356 consiliam
889 4298 1019 4372 profecto
1044 4299 1174 4371 optimam
1201 4295 1310 4353 oidela-
