3098 4970
251 417 312 482 112
611 420 640 476 C.
662 420 835 478 SALLUSTI
858 419 971 478 GRISPI

321 688 330 695 p
349 613 400 678 89.
420 699 423 722 Ι
440 605 529 676 Idem
559 605 667 676 secere
696 600 854 676 Octavius
878 606 912 674 et
935 602 973 688 0.
995 601 1118 696 Caepio
1140 603 1213 674 siue
1236 602 1334 697 gravi
1407 557 1410 562 .

246 732 442 826 unusquam
467 728 730 822 exspectatione,
748 752 857 826 neque
874 751 956 800 sane
978 728 1089 800 ambiti
1106 729 1247 822 publice.

245 943 290 1000 59.
320 938 552 1007 ed.min.l,6t.
582 899 944 1006 Deur.11,as.etl‚49.]
980 935 1330 1010 Non.1t¹,11o.p.ato‚

245 1028 289 1082 18.
304 1024 392 1080 lllerc.
420 1022 468 1079 ud
481 1021 602 1078 eundern
617 1022 802 1078 Historiarum
818 1023 911 1077 locum
932 1021 1056 1093 respexit
1069 1020 1195 1078 Donatus
1211 1021 1248 1078 ed
1264 1021 1329 1076 Ter.

245 1108 367 1181 Adelph.
384 1109 434 1176 ΠΙ,
455 1113 488 1177 2,
511 1113 555 1167 12.
577 1123 614 1162 ex
633 1106 765 1164 Sallustio
785 1105 946 1161 memoriter
965 1107 1109 1164 reterens:
1131 1121 1219 1180 nepus
1238 1109 1329 1162 anineo

243 1208 333 1266 neque
346 1195 439 1267 liripue
453 1195 521 1248 setes
534 1198 693 1268 compotem.
723 1191 798 1248 Satis
812 1193 934 1249 obscure
946 1193 1034 1248 verba
1048 1191 1182 1263 exiguum
1193 1192 1264 1248 lucis
1283 1209 1329 1248 ac·

244 1279 351 1350 cipiunt
364 1294 400 1333 ex
421 1295 470 1348 eo,
485 1276 561 1350 quod
575 1277 701 1332 Donatus
720 1274 798 1332 addit
813 1275 975 1333 Sallustium
990 1275 1036 1332 his
1052 1277 1147 1332 verbis
1164 1293 1246 1332 usum
1263 1293 1328 1332 esse

131 1419 133 1424 .
244 1380 356 1434 „quum
377 1363 413 1419 de
434 1367 543 1418 amente
563 1361 698 1434 Septimio
720 1362 890 1433 loqueretur.
900 1363 917 1388 ‘⁸
960 1361 1041 1417 Hune
1067 1360 1232 1432 Septimium
1254 1362 1327 1416 enirn

243 1447 365 1504 eundem
383 1449 471 1504 luisse
487 1447 616 1517 coniieio,
633 1446 669 1502 de
685 1463 740 1518 quo
756 1444 855 1503 Cicero
869 1462 898 1516 p.
915 1445 1028 1502 Vareno
1042 1444 1120 1518 apud
1131 1446 1267 1501 Priscian.
1281 1446 1327 1514 Ill,

242 1537 274 1604 Ι,
288 1537 334 1592 40.
348 1550 378 1606 p.
394 1537 455 1592 135.
469 1533 518 1589 Kr.
535 1533 667 1604 (Fragm.
681 1547 710 1603 p.
725 1533 788 1590 443.
804 1531 927 1599 Orell.):
945 1529 1047 1587 Ludus
1062 1532 1108 1587 itte
1124 1529 1271 1602 Septimius
1284 1531 1326 1586 di-

242 1625 332 1680 ceret;
352 1621 449 1674 etenim
468 1624 509 1673 est
524 1617 563 1672 ed
578 1616 659 1672 Lucii
671 1615 769 1673 Crassi
786 1617 965 1689 eloquentiam
984 1618 1086 1688 praem
1098 1621 1125 1672 et
1144 1614 1286 1671 venerimus
1301 1621 1328 1669 et

240 1703 378 1765 volubilis·
391 1703 513 1758 Erucius
525 1700 571 1757 tic
585 1707 679 1756 noser
692 1701 868 1756 Anmnrester
880 1705 929 1756 est.
953 1700 1060 1769 Quibus
1072 1700 1168 1757 verbis
1183 1716 1268 1772 quum
1283 1699 1326 1756 Cl-

241 1801 307 1841 cero
325 1793 420 1858 aperte
435 1785 513 1842 ludat
527 1792 666 1842 oratorem
682 1786 803 1856 aliquem
821 1786 959 1856 ineptum,
977 1783 1141 1857 languidum
1157 1785 1325 1857 ingenioque

241 1871 368 1940 tardum,
384 1873 455 1926 bene
471 1870 501 1926 id
517 1871 649 1926 convenit
667 1870 695 1925 in
711 1886 791 1940 eum,
807 1872 887 1925 cuius
897 1869 1053 1927 ‘Sallustius
1067 1870 1206 1937 meminit,
1230 1886 1337 1948 quam·-

242 1972 326 2027 quam
340 1973 387 2012 res
403 1957 516 2028 ipsane
532 1958 572 2012 sic
591 1954 704 2026 quidem
720 1955 882 2011 illustratur.
915 1954 991 2010 Nihil
1006 1957 1081 2012 enim
1096 1955 1192 2010 attinet
1205 1954 1326 2011 ltebros-

242 2042 276 2096 sii
291 2042 435 2113 respicere
451 2041 588 2114 ineptias,
603 2041 650 2112 qui
665 2040 765 2096 Donati
782 2043 870 2097 verba
884 2046 963 2112 putat
977 2041 1049 2096 lecta
1063 2040 1151 2096 luisse
1166 2041 1195 2096 in
1210 2043 1326 2096 narrati-

241 2141 295 2182 one
319 2125 354 2180 de
371 2125 484 2182 loedere
503 2143 567 2182 cum
583 2125 728 2182 Gaditanis
744 2141 769 2180 a.
785 2131 847 2184 111.
862 2142 889 2180 a.
905 2122 970 2180 Chr.
983 2141 1012 2180 n.
1033 2140 1050 2180 a
1066 2126 1097 2179 L.
1112 2126 1219 2181 Marcio
1234 2123 1326 2197 Septi-

241 2213 297 2266 mio
317 2213 389 2268 lacto
407 2227 440 2267 ac
462 2218 563 2284 postea
578 2215 714 2266 renovato
730 2211 768 2265 Μ.
784 2210 907 2282 Lepido,
931 2209 965 2278 Q.
987 2208 1084 2266 Catulo
1103 2225 1180 2266 coss.
1201 2211 1248 2279 (v.
1265 2208 1324 2265 Cic.

239 2313 280 2352 or.
300 2313 329 2369 p.
345 2297 433 2352 Balbo
451 2315 478 2353 c.
493 2297 562 2365 XV,
581 2297 662 2364 34),
686 2297 779 2351 locum
793 2301 886 2351 autem
906 2311 923 2349 a
939 2294 1030 2350 Nonio
1051 2301 1194 2353 servatum
1217 2294 1252 2349 de
1273 2296 1324 2350 Le-

239 2381 307 2452 pido
328 2381 541 2454 interpretatur,
562 2380 701 2451 Apuleiae
719 2381 816 2436 uxoris
838 2379 975 2436 adulterio
997 2378 1246 2438 vehementissime
1261 2395 1324 2452 per-

238 2469 357 2527 turbato.
376 2495 411 2506 -
439 2463 486 2520 Ad
500 2465 558 2523 vim
573 2463 703 2521 dictionis
717 2471 869 2537 competere
884 2464 998 2521 uumbus
1011 2463 1207 2536 explicandam
1219 2470 1323 2518 rectam

230 2549 314 2613 ,uiam
330 2551 451 2621 praeivit
471 2549 634 2605 Perizonius
651 2549 688 2604 ad
702 2547 808 2605 Sanctii
824 2550 945 2604 Minerv.
959 2549 1013 2619 lV,
1034 2553 1061 2608 4.
1075 2566 1105 2621 p.
1120 2553 1165 2610 95.
1180 2548 1227 2606 ed.
1241 2548 1323 2617 Bau„

106 2701 119 2710 ·
237 2636 426 2706 praecipiens,
443 2635 510 2707 quia
517 2641 615 2706 petere
628 2635 707 2691 verbi
722 2635 855 2707 primaria
866 2639 993 2707 potestas
1010 2635 1046 2690 sit
1061 2633 1139 2707 ferri
1153 2635 1214 2700 slve
1229 2635 1272 2689 ire
1285 2633 1325 2688 ad

238 2719 357 2793 aliquid,
378 2723 532 2793 competere
547 2719 627 2792 quasi
643 2735 707 2776 esse
721 2721 803 2776 simm
814 2722 858 2775 ire
871 2735 934 2776 cum
948 2719 1049 2792 ahpuo.
1077 2719 1215 2787 Quoniam
1224 2715 1321 2774 ‘autem

239 2819 311 2875 quae
326 2805 408 2860 simul
429 2809 497 2860 eunt
510 2821 573 2860 curn
595 2805 703 2877 aliquo,
723 2810 876 2877 propterea
892 2805 920 2860 ei
935 2810 1034 2860 assunt
1049 2805 1111 2860 sive
1127 2809 1241 2876 praesto
1258 2808 1322 2859 sunt

238 2893 321 2959 atque
334 2894 450 2962 parent,
464 2891 595 2966 primurn⁴
606 2890 692 2950 valde
710 2891 828 2963 simplici
846 2891 955 2946 ratione
969 2891 1087 2959 erimus,
1102 2891 1211 2962 inqua,
1227 2901 1320 2956 aures,

236 2976 310 3030 oculi
321 2976 406 3034 auus
418 2969 616 3049 competere
631 2975 672 3032 sic
689 2975 832 3045 dicuutur,
853 2981 882 3030 ut
896 2989 999 3031 sensus
1016 2975 1065 3043 sit,
1084 2975 1133 3030 illa
1147 2989 1204 3030 non
1220 2976 1320 3030 abesse

237 3061 273 3114 ab
288 3061 391 3134 aliquo,
410 3061 463 3118 sed
477 3062 504 3119 ei
519 3061 658 3134 integrum
672 3077 755 3117 usum
770 3061 814 3116 sui
829 3058 915 3129 dare3
939 3061 975 3116 cl.
992 3060 1052 3117 Liv.
1067 3057 1153 3129 XXII,
1169 3066 1196 3129 5,
1211 3063 1238 3118 3.
1265 3058 1321 3114 Vin

236 3145 275 3201 ed
288 3163 370 3204 orme
385 3147 521 3222 cupienda
534 3147 713 3219 optandaque
723 3159 836 3218 pepnoe
849 3144 1069 3218 competetet
1081 3146 1228 3200 enimus.
1251 3133 1321 3197 Terin

236 3231 352 3290 inversa
373 3239 511 3290 structura
533 3231 586 3287 sed
608 3245 694 3287 sensu
715 3231 775 3283 lere
801 3228 901 3285 eodem
923 3229 1025 3288 dicitur
1046 3231 1145 3302 alipius
1167 3233 1321 3300 competere

236 3319 367 3387 animo,
380 3313 547 3383 auribus,
566 3317 705 3386 tenpus,
723 3315 742 3368 i.
759 3329 783 3368 e.
799 3316 889 3370 emmo
906 3321 954 3371 aut
967 3316 1082 3372 auritus
1097 3314 1229 3384 (elicui
1244 3312 1319 3379 rei)

237 3397 363 3456 edesse
387 3401 449 3457 sive
467 3399 568 3467 animi,
592 3398 714 3466 aurium,
737 3397 851 3471 linguae
871 3413 952 3456 usum
960 3403 1139 3472 praesentem
1160 3401 1255 3470 reipue
1268 3411 1318 3452 oc·

183 3539 186 3544 ,
237 3485 434 3541 commodatum
451 3483 568 3557 haume,
591 3481 668 3555 quod
688 3483 842 3555 simplicius
858 3491 901 3540 est
914 3487 973 3540 eut
979 3499 1039 3540 ere
1053 3486 1161 3547 animo,-
1180 3483 1215 3538 cl.
1230 3481 1319 3537 Tacit.

151 3605 153 3608 -
237 3569 470 3638 Annall.lll,46.
505 3566 1318 3641 Oppidaninepueoculisnepueeuritusacascom-
1361 3592 1366 3600 =

229 3653 412 3725 petebant·
433 3653 472 3709 id·
490 3653 608 3710 Historr·
624 3653 675 3722 ΠΙ,
699 3656 745 3715 73.
788 3653 868 3711 Velut
886 3659 984 3727 ceptus
1003 3656 1160 3710 andniman
1181 3654 1318 3724 timpum,

236 3753 293 3794 non
307 3733 457 3796 auribus
471 3743 677 3810 competere.
689 3767 729 3780 -
758 3739 801 3794 De
815 3745 864 3795 eut
874 3740 1012 3810 partienda
1030 3738 1136 3810 duplici
1150 3751 1238 3809 neque
1255 3735 1319 3791 sub·

100 3845 103 3851 ·
236 3823 309 3880 tecta
323 3839 350 3879 v.
363 3820 400 3879 ad
409 3824 470 3895 lug.
485 3839 510 3879 c.
527 3823 625 3893 XVlll,
641 3830 668 3883 1.
684 3827 842 3897 p.1o‘l.-
865 3823 912 3878 Ad
922 3839 1023 3880 vocem
1038 3824 1165 3880 adonius
1178 3823 1318 3878 illustran-

137 3968 139 3972 ,
236 3908 301 3964 darn
317 3907 426 3964 Corlius
441 3910 512 3964 bene
527 3911 642 3966 contulit
657 3909 759 3986 Senec.
778 3907 842 3964 Nat.
857 3907 910 3976 Qu.
927 3908 965 3975 ll,
981 3911 1027 3968 17.
1053 3907 1116 3965 Hoc
1125 3907 1243 3980 proprie
1255 3903 1319 3976 sre-

234 4009 287 4066 por
300 3994 400 4050 mmmm
413 3993 517 4051 subitus
530 4001 557 4051 et
571 3995 729 4066 retenens,
747 4009 801 4066 quo
814 3993 884 4049 edito
898 3993 1045 4050 canumet
1056 3992 1194 4055 hommem
1208 3989 1319 4063 puidam

235 4093 301 4134 uero
313 4079 367 4136 uiri
378 4083 490 4152 stupent
502 4085 530 4137 et
541 4083 570 4137 in
585 4086 668 4137 mium
680 4079 732 4134 siti
746 4079 892 4151 remmon,
909 4093 978 4150 perus
991 4091 1121 4135 nocemus
1134 4076 1317 4138 attonitos,

236 4178 353 4234 quamn
366 4170 469 4222 mentes
481 4179 567 4222 conus
575 4167 621 4222 tlte
634 4164 756 4220 coelestis
768 4163 826 4219 loeo
835 4163 954 4236 pepulit.
1025 4227 1027 4232 ,

319 4250 366 4306 Fr.
380 4255 426 4311 89.
456 4249 551 4320 [Cori.
565 4267 592 4323 p.
607 4254 670 4309 916.
699 4247 771 4303 Gerl.
788 4247 835 4304 ed.
851 4248 918 4304 mei.
932 4247 958 4318 l,
972 4249 1017 4309 70.
1039 4245 1086 4301 ed.
1100 4247 1169 4302 min.
1185 4244 1210 4314 l,
1228 4247 1272 4302 ta.
1288 4257 1317 4312 p.

234 4335 300 4403 196,
315 4339 343 4396 3.
373 4333 456 4392 Debr.
472 4336 498 4402 l,
513 4337 557 4396 89·
578 4335 618 4402 ll,
634 4334 711 4402 let]
743 4333 836 4390 Verba
857 4331 946 4390 attulit
962 4331 1079 4390 Servius
1095 4331 1131 4386 ad
1147 4330 1228 4399 Virg.
1244 4326 1317 4381 Aen.
