3098 4970
242 437 304 502 100
582 439 632 532 ,0.
655 439 828 498 SALLUSTI
851 437 964 496 GRISPI

344 631 395 698 76.
442 623 697 719 Occupatusque
713 627 808 697 collis
828 623 1040 698 editissumus
1060 617 1148 715 apud
1168 621 1325 714 ilerdam3
1413 641 1417 654 ⁴

241 773 317 822 eum
339 751 566 843 malaopera
590 744 777 822 circumdat.
931 753 935 760 '

345 882 397 949 76.
440 877 623 963 Sertorius
647 877 752 971 portis
769 875 866 946 turba
887 874 1090 946 morantibus
1110 875 1144 944 et
1165 873 1273 959 nullo,
1289 876 1326 943 ut

246 1135 320 1174 rev.
337 1116 374 1173 ad
385 1117 445 1189 lug
463 1113 519 1172 CIII
529 1121 617 1188 ,..4p
631 1121 693 1182 660.
730 1115 911 1171 7761766666
929 1113 965 1170 67.
981 1112 1218 1186 praetereaOros.
1228 1113 1265 1182 V,
1281 1117 1325 1172 66

245 1203 387 1270 7766771,
402 1207 450 1270 66,
467 1204 493 1260 6.
515 1207 544 1257 67
557 1203 617 1258 Liv.
636 1202 710 1274 Epit.
719 1197 786 1270 XC„
806 1201 853 1255 ubi
872 1200 1039 1270 interpretes
1054 1205 1131 1256 reete
1149 1205 1325 1266 monuerunt,

245 1289 307 1347 eius
325 1275 499 1359 praenomen
512 1283 554 1341 M.
556 1285 656 1358 ‚quod
670 1285 754 1342 codd.
769 1284 883 1353 habent,
897 1282 971 1338 ind.
987 1299 1052 1339 esse
1067 1284 1241 1341 mutandum.

328 1373 373 1427 Pr.
395 1375 439 1432 76.
473 1368 558 1444 [Gort
580 1388 608 1443 p.
621 1373 682 1431 954.
709 1371 783 1427 Gerl.
802 1368 849 1425 66.
863 1372 931 1426 mai.
951 1368 978 1436 1,
996 1371 1042 1428 46.
1065 1369 1110 1425 ed.
1131 1370 1199 1424 min.
1215 1369 1241 1438 1,
1265 1372 1326 1431 109.

243 1477 274 1530 p.
290 1461 356 1525 198,
372 1447 398 1514 6.
429 1455 514 1516 Debr.
529 1457 567 1524 11,
588 1457 646 1524 60.]
682 1456 778 1512 Verba
796 1459 907 1510 exstant
921 1453 998 1525 apud
1015 1454 1101 1510 Arus.
1119 1471 1149 1510 v.
1165 1454 1346 1530 circumdet„

243 1562 273 1616 p.
284 1545 344 1601 619.
359 1541 496 1609 Lindem,
513 1547 540 1595 et
551 1541 627 1613 apud
642 1541 778 1596 Priscian.
793 1539 855 1608 XV,
867 1545 894 1607 6,
908 1543 935 1598 9.
956 1555 986 1610 p·
999 1543 1061 1598 616.
1077 1539 1141 1608 Ka,
1161 1537 1282 1608 sedite,
1298 1544 1328 1593 ut

243 1629 312 1682 alter
330 1628 410 1680 locus
430 1642 467 1679 677
489 1627 576 1680 altero
599 1625 635 1680 sit
660 1623 852 1698 supplendus;
879 1640 946 1678 nam
962 1625 1121 1680 Arusianus
1140 1630 1218 1680 earet
1232 1623 1327 1679 verbis

243 1711 321 1782 apud
340 1709 481 1778 Ilerdam,
507 1710 670 1766 Priscianus
694 1715 787 1764 autem
807 1709 860 1764 tria
879 1708 975 1780 priora
995 1724 1091 1781 occup.
1112 1710 1164 1766 667.
1187 1709 1249 1765 edit.
1271 1723 1328 1762 non

243 1796 345 1852 retulit.
389 1795 539 1848 Praeterea
556 1795 628 1870 oiim
650 1794 679 1848 in
701 1799 818 1871 utroque
840 1798 969 1864 corrupte
993 1793 1129 1850 edebatur
1149 1809 1224 1852 cam
1243 1793 1328 1849 77777776

243 1895 337 1952 6776777Δ
353 1878 597 1944 circumdata,
624 1895 751 1951 proquo
772 1876 984 1934 Lindemannus'
1008 1895 1024 1932 6
1045 1879 1110 1938 cod.
1133 1879 1207 1935 Gud.
1228 1893 1326 1934 veram

242 1965 393 2030 lectionem
407 1963 543 2034 reposuit,
560 1963 640 2019 cuius
656 1964 807 2036 vestigium
818 1962 933 2033 aliquod
948 1963 1032 2018 etiam
1047 1964 1076 2018 in
1089 1964 1227 2020 Prisciani
1241 1961 1326 2019 codd.

244 2048 440 2106 Gembtacensi
453 2055 480 2102 et
491 2046 654 2104 Coloniensi
666 2054 765 2116 exstat,
778 2049 881 2120 quippe
895 2048 942 2118 qui
955 2045 1090 2104 Carrione
1103 2054 1173 2104 teste
1185 2063 1240 2104 non
1255 2064 1327 2114 677777,

237 2134 297 2195 ,sed
329 2148 390 2189 eum
416 2132 582 2201 exhibeant,
619 2149 788 2205 quamquam
816 2133 996 2206 participium
1026 2133 1055 2187 76
1083 2133 1140 2188 fine
1169 2139 1327 2190 servantes

243 2222 363 2275 Prorsus
382 2217 504 2300 insipide
525 2217 610 2291 igitur
631 2218 797 2275 Gerlachius
810 2219 877 2273 Vol.
892 2217 939 2272 111.
951 2234 980 2290 p.
996 2220 1068 2286 76,
1071 2219 1111 2288 ,67
1134 2233 1211 2290 eam,
1230 2219 1326 2304 inquit,

244 2303 453 2370 emendaveris,
465 2291 676 2360 circumdedit
689 2305 847 2379 corrigatur
862 2317 982 2358 necesse
999 2305 1072 2358 est.“
1093 2304 1252 2360 Verborum
1265 2299 1328 2358 6677-

245 2407 293 2446 sus
318 2389 490 2459 aliquantum
510 2388 663 2443 illustratur
678 2390 741 2443 loco
757 2386 850 2443 Orosii
870 2387 912 2456 V,
938 2390 982 2446 66
1026 2382 1159 2444 Maniliae
1175 2387 1330 2462 praemuni

246 2473 393 2528 0617776777
401 2471 569 2543 Hispaniam
584 2488 647 2528 cum
662 2473 747 2528 7776777
761 2471 907 2543 7697667666
921 2477 947 2526 67
960 2472 1329 2546 millequiayentiaeqaitibm

245 2556 774 2628 77666976667777977677767777717777777676
783 2559 1068 2628 9779666667776777777
1077 2575 1095 2612 a
1109 2575 1175 2630 9776
1190 2559 1330 2613 castris

245 2643 431 2712 copiisque
448 2639 636 2697 nudatas
624 2658 659 2697 777
677 2640 845 2716 oppidum
860 2639 1018 2697 Ilerdam
1026 2657 1144 2739 paene
1157 2645 1257 2700 salus
1270 2656 1328 2697 re-

218 2726 390 2819 ‘sapit
373 2725 408 2780 67.
424 2726 521 2781 Plut'
514 2725 663 2782 rnSertor.
676 2743 700 2781 c.
717 2731 766 2794 16,
784 2725 860 2780 med.
876 2713 1106 2821 Septemdecim
1118 2720 1329 2784 Μέτελλον-

245 2804 285 2878 εἰς
300 2797 445 2882 τοσαύτην
466 2793 594 2886 ἆντορίαν
611 2803 801 2885 κατέστησεν,
825 2798 896 2866 dore
911 2799 1043 2868 Λεύκιον
1059 2801 1202 2869 Μάλλιον
1228 2805 1330 2886 ἕκτης
1413 2833 1415 2840 ’

244 2887 310 2974 περὶ
329 2891 483 2970 Ναρβῶνα
502 2893 645 2964 Γαλατίας
665 2887 766 2952 ἐλθεῖν
786 2912 867 2973 αντῳ
854 2884 1006 2972 βοηθόν.
1051 2897 1178 2954 Eandem
1192 2913 1252 2954 rem
1268 2901 1329 2952 tan-

245 2980 285 3051 git
309 2979 392 3034 etiam
405 2978 483 3052 Epit.
498 2981 570 3036 Livii
592 2983 639 3038 lib.
663 2978 738 3051 XC„
762 2980 814 3038 sed
834 2981 966 3051 brevius,
990 2987 1017 3036 et
1029 2979 1132 3038 77677777
1144 2999 1257 3038 nomme
1275 2997 1327 3053 pro

243 3062 354 3120 Manilii
368 3063 501 3120 exhibito.
522 3097 557 3107 —
575 3066 701 3125 Ilerdam
717 3067 883 3138 scripsimus
905 3067 1068 3124 auctoritate
1083 3068 1238 3136 Prisciani;
1262 3065 1327 3122 Cor·

238 3150 298 3221 ,tius
320 3149 453 3221 multique
478 3151 525 3207 6777
547 3151 688 3208 66667667
706 3141 872 3216 ’1177676676
900 3167 984 3222 quam
1016 3149 1135 3208 7677776777
1153 3151 1327 3209 Sch'eiderus

244 3251 355 3307 quoque
375 3233 500 3290 Gramm.
517 3236 579 3292 Lat.
596 3236 623 3304 I,
640 3242 666 3294 1.
691 3237 799 3305 p.194.
820 3235 965 3313 probavit,
989 3239 1133 3293 veteribus
1155 3237 1276 3291 nummis
1300 3241 1327 3290 et

242 3318 473 3390 inscriptionibus
490 3320 586 3374 minus
603 3319 749 3386 tribuens,
771 3335 855 3390 quam
867 3317 980 3376 Phocae
995 3320 1181 3378 Grammatico
1203 3337 1232 3392 p.
1248 3323 1325 3380 1764.

243 3402 385 3472 (Lindem.
400 3402 465 3455 Vol.
479 3403 501 3455 Ι.
512 3419 542 3472 p.
553 3403 645 3470 666),
667 3400 743 3473 quod
754 3404 835 3460 nobis
852 3421 935 3462 secus
951 3404 1071 3462 videtur.
1086 3435 1130 3446 -
1145 3404 1326 3477 Singulorum

244 3501 334 3556 aeque
361 3486 512 3556 verborum
536 3503 570 3542 ae
599 3486 683 3542 totius
710 3490 865 3544 sententiae
887 3490 1044 3546 accuratior
1069 3490 1218 3561 explicatio
1241 3488 1326 3546 valde

245 3570 377 3640 ambigua
399 3575 485 3624 estet
505 3570 656 3643 impedita,
679 3589 764 3644 quum
786 3589 843 3629 non
859 3579 968 3629 constet
983 3573 1018 3629 66
1038 3575 1205 3645 1766777666,
1238 3591 1274 3630 66
1288 3574 1324 3629 de
1438 3604 1442 3610 ·

244 3653 378 3708 Hirtuleio
390 3659 499 3725 agatur.
544 3654 604 3711 Hoc
620 3672 706 3712 unum
724 3663 828 3715 tanturn
843 3674 900 3714 non
910 3656 1023 3714 videtur
1035 3659 1159 3728 dubium,
1175 3666 1238 3715 ante
1250 3659 1325 3714 illam

243 3753 385 3811 pugnarn,
404 3755 459 3808 qua
471 3739 603 3798 Manilius
622 3742 683 3798 sive
701 3743 822 3810 Manlius
834 3736 926 3799 victus
943 3748 998 3811 est,
1015 3758 1074 3799 rern
1090 3750 1229 3804 narratam
1253 3743 1326 3799 acci·

246 3821 334 3880 disse.
379 3821 438 3878 Sed
450 3829 508 3878 utut
523 3831 574 3894 est,
590 3827 674 3882 77777776
692 3843 780 3898 opera
794 3841 851 3882 non
865 3833 958 3899 potest
973 3826 1029 3882 66
1022 3845 1085 3899 ipso
1106 3828 1254 3884 obsidendi
1273 3845 1326 3901 ap

239 3912 348 3979 paratu
363 3885 490 3980 intelligi,
506 3911 558 3966 'sed
571 3912 755 3983 6676766966
770 3912 910 3984 6777967776
921 3918 948 3968 el
962 3915 1145 3977 66776777767767
1140 3915 1198 3968 ’.67
1213 3911 1271 3994 Cic.
1288 3911 1325 3968 ad

246 3991 400 4049 Plancum
393 4009 422 4046 76
435 3993 505 4066 Epp.
525 3995 562 4050 ad
577 3997 662 4051 Α7776.
676 3994 757 4064 XVI,
776 4000 819 4055 16.
865 3996 994 4054 0767776776
1021 3997 1104 4054 rebus
1124 4015 1226 4072 mayoc
1246 3995 1325 4068 677777,

246 4077 358 4132 malta
378 4093 488 4150 opera
506 4085 533 4134 67
552 4080 647 4136 labore
667 4079 808 4152 confectis.
836 4081 875 4138 76.
896 4080 964 4138 ibid.
984 4080 1060 4151 XIV,
1079 4087 1124 4142 14.
1139 4083 1187 4139 fin.
1233 4083 1329 4140 0777777·

244 4175 354 4238 opera
369 4165 473 4234 6777767,
487 4169 519 4218 67
531 4164 565 4232 de
579 4165 731 4222 6677776776
743 4166 1004 4224 senatuscoaaalmm
1014 4168 1075 4237 fiet.
1215 4183 1218 4187 ·

328 4246 375 4306 Fr.
393 4250 439 4307 76.
477 4246 563 4318 [Cort.
580 4265 610 4322 p.
626 4254 688 4309 966.
728 4247 800 4308 6677.
819 4251 864 4312 ed.
876 4253 942 4308 mei.
960 4251 988 4317 l,
1004 4255 1050 4310 65.
1070 4251 1117 4307 ed.
1134 4255 1203 4308 min.
1219 4253 1246 4322 1,
1265 4256 1326 4312 1171.

130 4417 142 4428 1
241 4348 271 4406 p.
284 4337 343 4402 198,
363 4338 404 4413 78.
420 4333 503 4392 Debr.
519 4335 556 4405 11,
571 4325 644 4402 138.]
656 4335 751 4390 Verba
762 4335 870 4392 Nonius
881 4337 925 4392 bis
936 4335 1076 4405 laudavit,
1089 4337 1138 4410 lV,
1152 4341 1214 4398 m.
1222 4355 1253 4410 p.
1263 4342 1325 4408 666,
