3098 4970
241 429 282 498 78
614 437 647 496 C.
668 439 840 500 SALLUSTI
862 441 976 502 CRlSPl

240 627 329 695 recte
355 625 473 694 lacere.
528 627 582 697 An
614 627 727 720 Lepidi
753 631 907 700 mandata
931 629 1058 700 animos
1085 631 1244 702 movere?
1271 633 1327 728 qui

239 753 372 844 placere
395 752 439 820 ait
461 773 523 821 sua
543 753 661 846 cuique
688 755 797 841 reddi,
824 759 858 826 et
886 756 993 826 aliena
1019 759 1123 842 tenet,
1151 755 1226 826 belli
1253 756 1326 826 iura

241 877 398 962 rescindi,
430 897 530 970 quum
560 875 632 967 ipsc
664 879 763 950 armis
792 884 908 974 cogat,
936 881 1100 951 civitatem
1126 882 1324 964 continuari,

217 1003 360 1096 ‘quibus
379 1002 563 1093 ademptam
583 1006 698 1095 negat,
720 1005 916 1075 concordiae
935 1006 1044 1099 gratia
1062 1007 1169 1098 plebei
1184 1007 1326 1079 tribuni·

239 1127 321 1197 ciam
341 1130 537 1218 potestatem
555 1127 698 1215 restitui,
720 1151 763 1199 ex
783 1153 848 1225 qua
867 1153 984 1201 omnes
1003 1131 1187 1202 discordiae
1201 1153 1324 1202 accen-

163 1281 167 1286 ·
239 1275 306 1322 sae,
348 1251 509 1323 Pessume
524 1252 668 1324 omniurn
684 1259 783 1348 atque
797 1255 1105 1348 impudentissume,
1121 1257 1222 1327 tibine
1236 1277 1365 1350 ege-15

238 1382 308 1448 stas
335 1377 454 1448 civium
474 1383 506 1478 et
525 1379 634 1449 luctus
652 1401 752 1450 curae
776 1385 868 1466 sunt,
895 1382 948 1452 cui
974 1381 1052 1452 nihil
1076 1387 1128 1454 cst
1152 1381 1240 1452 domi
1260 1383 1323 1453 nisi

238 1617 376 1676 Mandata
400 1626 464 1675 sunt
486 1619 670 1676 condiciones
688 1637 705 1676 a
725 1621 832 1692 Lepido
853 1623 963 1678 senatui
984 1617 1162 1694 propositam
1185 1640 1211 1679 v.
1236 1638 1322 1694 supra

237 1703 387 1760 Introduct.
408 1722 435 1777 p.
450 1709 496 1764 65.
520 1735 563 1748 -·
583 1704 697 1762 Movere
710 1713 755 1762 est
768 1707 797 1761 in
815 1708 879 1762 Vat.
896 1715 920 1766 1.
934 1713 961 1766 P.
975 1711 1003 1766 3.
1019 1714 1048 1762 et
1061 1709 1126 1764 Urs.
1171 1705 1280 1762 Gortius
1295 1715 1322 1762 et

237 1791 381 1846 Weissius
395 1791 569 1862 scripserunt
579 1796 698 1861 mouent,
711 1789 788 1862 quod
804 1793 849 1848 vel
868 1798 907 1847 eo'
916 1792 1040 1848 deterius
1057 1799 1114 1861 est,
1131 1792 1207 1863 quod
1222 1792 1321 1863 Lepidi

237 1875 369 1931 mandata
389 1892 446 1930 non
461 1881 540 1945 tunc,
569 1876 621 1931 sed
637 1876 692 1931 iam
707 1883 770 1932 ante
787 1877 901 1948 aliquod
916 1885 1029 1951 tempus
1043 1880 1151 1950 perlata
1166 1885 1252 1936 crant.
1278 1905 1322 1918 -·

236 1962 290 2015 Pro
308 1967 387 2032 caput
405 1961 525 2018 Orellius
543 1962 701 2035 suspicatur
717 1962 895 2018 scribendum
911 1979 976 2018 esse
991 1971 1071 2036 upon
1086 1979 1143 2018 non
1160 1964 1249 2032 male,
1269 1963 1321 2020 scd

237 2046 306 2101 citra
336 2045 532 2102 necessitatem
553 2053 581 2102 et
600 2050 738 2104 sententia
760 2049 854 2120 paullo
885 2050 977 2106 minus
999 2049 1090 2120 gravi.
1134 2049 1206 2106 Nam
1235 2064 1320 2120 quum

237 2132 375 2188 bellttum
392 2133 420 2188 vi
436 2138 576 2201 constent,
598 2135 692 2204 legum
704 2133 865 2190 auctoritate
882 2136 1006 2202 sublata,
1023 2133 1320 2206 graviterPhilippus,

237 2224 266 2273 ut
283 2217 456 2273 demonstret
470 2217 568 2289 Lepidi
587 2219 660 2273 lacta
682 2235 744 2275 cum
763 2221 858 2278 verbis
877 2235 1022 2293 pugnare,
1049 2219 1118 2274 dicit
1143 2220 1230 2274 urinis
1257 2231 1320 2274 aim

237 2318 378 2376 copore,
398 2305 414 2357 i.
437 2320 461 2358 e.
479 2319 621 2358 armorum
636 2305 665 2360 vi
681 2303 718 2360 ad
733 2305 886 2374 obtinenda
903 2323 937 2362 ea
955 2307 1010 2373 uti,
1032 2320 1104 2376 quae
1124 2305 1235 2376 legibus
1252 2319 1319 2360 con·

237 2389 321 2443 traria
351 2389 415 2443 sint.
459 2388 534 2444 Nihil
556 2395 647 2445 aulem
672 2388 839 2447 offensionis
863 2397 907 2446 est
928 2392 955 2446 in
970 2405 1067 2462 capere
1084 2391 1170 2446 verbo
1192 2389 1317 2446 absolute

237 2474 340 2546 posito,
352 2489 436 2544 quum
452 2474 581 2530 facillime
597 2491 614 2528 ο
629 2491 704 2530 nexu
715 2479 914 2532 sententiarum
929 2476 1098 2546 intelligatur
1114 2481 1142 2530 et
1152 2488 1220 2545 quoa
1235 2480 1327 2544 cogatx

237 2558 371 2630 Lepidus,
386 2564 414 2612 et
427 2559 559 2631 odpcouc.
573 2589 616 2600 -
637 2559 715 2628 Quae
733 2565 886 2633 sequuntur
901 2561 990 2616 verba
1004 2561 1137 2615 ctutum
1162 2587 1205 2598 -—
1226 2565 1317 2631 nepot,

238 2643 338 2699 eodem
363 2649 508 2717 spectant,
527 2651 565 2713 ut,
581 2650 753 2718 quantopere
770 2644 893 2718 Lepidus
912 2645 965 2700 sibi
981 2644 1042 2716 ipse
1058 2648 1204 2714 repugnet,
1224 2650 1319 2698 osten·

238 2730 326 2784 datur.
371 2729 424 2796 Qui
439 2746 524 2801 quum
538 2732 691 2801 postularet
705 2731 845 2788 civitatem
861 2730 968 2787 restitui
989 2730 1040 2797 iis,
1070 2729 1210 2799 quibusa
1240 2727 1319 2786 Sulla

238 2815 370 2886 adempta
384 2821 460 2883 erat,
477 2821 583 2885 tamen,
597 2832 683 2887 quum
695 2816 779 2871 simul
796 2822 912 2890 negaret
927 2815 1001 2872 illius
1013 2814 1136 2871 instituta
1151 2815 1246 2884 legum
1261 2815 1319 2871 vim

235 2901 341 2956 habere
352 2912 368 2970 ‚‘
384 2900 522 2972 exipsius
538 2907 629 2958 mente
646 2916 702 2955 non
713 2917 786 2973 opus
801 2907 860 2957 erat
880 2903 1020 2959 civitatem
1039 2899 1132 2956 denuo
1146 2897 1316 2955 confirmari.

236 2986 385 3043 Postulans
400 2988 484 3057 igitur
493 2988 626 3058 agnoscit
635 2988 714 3059 leges
726 2985 880 3057 Cornelias,
892 2987 1064 3058 easdemque
1081 2991 1197 3042 natasse
1212 2983 1317 3040 habere

235 3077 327 3145 negat.
341 3101 384 3112 --
400 3071 506 3143 Pleiai,
527 3072 605 3144 quod
621 3072 764 3130 Weissius
780 3073 913 3144 mquam
928 3073 1055 3145 spurium
1068 3071 1179 3128 uncinis
1195 3070 1316 3137 inclusit,

235 3175 290 3214 non
307 3161 397 3215 solum
410 3159 438 3213 in
454 3159 582 3214 omnibus
600 3157 685 3214 codd.
701 3162 809 3224 exstat,
826 3157 878 3212 sed
892 3158 977 3212 etiam
987 3155 1166 3212 continuatur
1180 3155 1316 3212 Prisciani

234 3245 404 3311 testimonio,
419 3245 475 3314 qui,
491 3249 520 3299 ut
534 3246 633 3314 probet
641 3241 735 3313 plebei
744 3241 899 3311 genitivum
913 3257 977 3296 esse
989 3242 1102 3312 quintae
1111 3241 1316 3308 declinationis,

235 3332 305 3385 libro
321 3329 374 3397 Vl,
392 3334 441 3395 ll,
465 3331 510 3386 59.
526 3343 555 3397 p.
571 3331 632 3385 256.
647 3324 692 3378 ed.
708 3325 756 3380 Κτ.
770 3337 806 3378 ex
820 3325 841 3380 i.
856 3325 1041 3382 Historiarum
1055 3326 1150 3382 laudat
1160 3325 1252 3398 plebei
1266 3327 1315 3380 tri-

233 3415 369 3468 buniciam
375 3416 547 3484 pourtotem.
583 3409 690 3466 Tamen
704 3408 807 3466 Orellio
823 3411 991 3466 assentimur
1004 3410 1032 3466 h.
1047 3414 1065 3466 l.
1081 3412 1175 3483 potius
1191 3409 1316 3466 dativum

234 3499 316 3566 esse,
346 3513 382 3551 ex
405 3495 512 3550 restitui
527 3493 713 3567 pendentem3
743 3495 852 3566 neque,
878 3501 909 3551 ut
929 3502 1005 3552 recte
1027 3495 1128 3552 dicitur
1145 3495 1317 3552 tribunus

228 3582 328 3656 plebia,
340 3584 379 3637 ita
391 3579 446 3636 dici
460 3585 554 3654 potest
568 3581 765 3636 tribunicia
775 3586 941 3653 potestus
950 3581 1050 3653 plebia.

270 3707 273 3710 -
319 3671 345 3732 s.
369 3673 411 3724 15.
444 3671 493 3722 aaa
509 3679 566 3738 per
581 3666 725 3734 ι’τιὲιιτίαττι)
748 3665 824 3722 llaec
844 3668 933 3724 verba
955 3672 1052 3722 notare
1069 3665 1202 3723 videntur
1217 3663 1316 3737 Lepidi

235 3751 397 3821 avaritiam,
419 3765 474 3823 qua
491 3750 615 3807 Siciliain
630 3750 815 3823 exspoliavit;
846 3767 873 3806 v.
889 3751 926 3808 ad
941 3755 967 3819 S.
983 3755 1011 3810 4.
1034 3781 1077 3792 -
1104 3751 1228 3808 Alterum
1252 3764 1316 3806 con-

233 3839 352 3896 artatam
362 3839 452 3910 ροτιζτς
463 3855 493 3892 ν.
508 3836 661 3892 Introduct.
675 3852 703 3909 p.
720 3836 958 3905 66.-Quoniam
972 3837 1143 3894 matina
1157 3833 1316 3891 reddere

189 3917 197 3924 ’
234 3930 278 3979 est
299 3924 446 3980 consulatu
461 3923 513 3977 rite
536 3923 612 3978 abire
627 3924 671 3991 (v.
686 3922 766 3978 Rein.
782 3923 811 3976 in
825 3922 925 3995 Paulyi
938 3923 1094 3994 Encyalop.
1108 3920 1186 3976 Real.
1202 3920 1266 3974 Vol.
1280 3919 1315 3975 11.

233 4027 261 4081 p.
284 4011 360 4078 628.)
384 4014 412 4062 et
435 4006 472 4063 ad
491 4009 593 4081 privati
619 4007 815 4064 condicionem
842 4007 950 4076 redire,
975 4007 1070 4064 verbis
1095 4007 1177 4079 quaet
1192 4005 1317 4078 mimico

233 4093 387 4151 reddiderat
404 4093 578 4166 significatur
598 4093 751 4167 Lepidum,
776 4095 906 4165 quamvis
935 4093 1098 4150 consulatus
1127 4097 1237 4164 tempus
1267 4105 1316 4144 ex-

234 4181 390 4253 spirasset,
424 4186 518 4237 tamen
549 4181 690 4237 etiamtum
713 4183 743 4234 ut
763 4179 907 4236 consulem
931 4194 962 4233 se
984 4191 1083 4251 gerere
1105 4182 1133 4232 et
1155 4177 1185 4233 vi
1205 4191 1315 4232 summa

235 4267 329 4326 omnia
355 4271 483 4322 tractare.
526 4267 622 4322 Paullo
648 4265 743 4333 aliter,
772 4278 940 4337 quamquam
962 4263 1045 4319 simili
1069 4277 1172 4328 sensu,
1196 4260 1320 4316 reddere

234 4351 430 4426 reinputttcam
451 4353 552 4426 legitur
568 4350 643 4425 apud
655 4350 770 4410 Sueton.
787 4351 863 4420 Aug.
878 4365 903 4403 c.
915 4351 959 4406 Ἃ
1003 4347 1047 4404 De
1060 4345 1240 4402 reddendo
1256 4361 1313 4400 re·
