3098 4970
228 417 289 482 122
602 420 635 478 C.
658 419 831 478 SALLUSTI
854 415 968 475 celse}

228 605 383 667 Sertorium,
408 605 442 655 ad
465 620 565 671 pugnas
589 612 613 655 et
639 620 680 654 res
702 602 823 662 bellicas,
849 601 884 654 ad
903 609 1027 652 terrarum
1048 603 1201 664 urbiumque
1228 602 1316 666 situm,

231 697 342 762 denique
360 696 395 746 ad
413 695 480 746 iacta
497 696 649 761 singularia.
670 695 713 749 Fr.
730 692 853 746 tir-90.

649 861 652 868 .
696 813 773 865 'Gara
797 811 863 865 vill.

300 924 454 990 Fragmenta
472 924 637 989 paucissimis
652 918 738 972 verbis
757 917 908 984 composita.
929 917 971 970 Fr.
987 915 1019 970 91
1029 915 1130 968 -102

471 1226 775 1323 lllllllllllllllll
802 1223 1077 1321 FRAGMENTA.

699 1399 778 1471 na.
807 1397 844 1470 n.

720 1719 788 1772 Gar.
808 1721 828 1769 Ι.

300 1821 393 1888 Lepidi
410 1840 450 1875 ree
468 1829 597 1874 extremae
616 1841 646 1874 ac
664 1839 734 1874 mors
751 1824 777 1872 in
793 1823 915 1876 Sardinia
933 1832 1077 1878 narrantur.
1096 1852 1130 1859 —
1151 1823 1253 1875 insulae
1272 1825 1317 1875 de-

232 1915 337 1980 scriptio
356 1922 380 1964 ct
398 1917 569 1980 antiquitates.
582 1945 617 1953 -
632 1916 752 1990 Corsicae
770 1915 919 1981 descriptio.
937 1943 973 1952 -
987 1917 1131 1982 Perpernae
1147 1932 1205 1966 cunr
1217 1915 1316 1981 Lepido

232 2007 359 2056 coniuncti
375 2007 437 2074 luga
455 2023 488 2058 ex
510 2007 600 2058 Sicilia
622 2016 645 2058 et
668 2007 771 2058 Corsica
790 2007 816 2056 ln
839 2005 949 2058 Galliam
969 2008 1079 2072 indeque
1103 2008 1129 2057 in
1154 2008 1314 2074 Hispaniam.

231 2096 272 2151 Fr.
294 2097 348 2148 l-
358 2099 399 2154 15.

709 2217 861 2228 ...n-*-

334 2319 363 2385 1.
406 2315 515 2402 Quum
536 2315 733 2408 praedixero
753 2315 897 2408 positum
921 2315 1058 2386 insulae.

317 2520 363 2576 Fr.
380 2528 404 2580 l.
437 2520 667 2594 [Cort.p.1003.
690 2521 764 2577 Gerl.
781 2521 827 2579 ed.
844 2523 910 2578 mai.
928 2521 983 2578 ino.
998 2526 1042 2581 41.
1059 2521 1105 2578 ed.
1122 2522 1187 2578 min.
1204 2523 1232 2590 l,
1247 2526 1272 2582 7.
1287 2540 1316 2602 p.

231 2609 299 2675 300,
322 2611 365 2663 ll.
394 2606 628 2676 Debr.1V,so.]
657 2606 767 2674 Verba,
790 2623 862 2678 quac
877 2606 1003 2663 Donatus
1026 2608 1062 2662 ad
1077 2607 1189 2662 Terent.
1204 2607 1317 2662 Phorm.

232 2689 259 2756 Ι,
274 2697 307 2759 2,
328 2694 371 2750 47.
387 2694 471 2746 refert
485 2692 546 2748 sine
561 2692 624 2746 libri
640 2691 795 2761 mentione,
818 2691 983 2748 Gerlaehius
998 2693 1062 2746 Vol.
1077 2691 1124 2746 ΙΙΙ.
1140 2709 1167 2764 p.
1182 2695 1240 2751 lib.
1255 2709 1319 2762 pro-

232 2776 317 2832 babili
332 2777 493 2832 conicetura
508 2777 546 2834 ad
560 2776 708 2834 Sardiniae
726 2777 944 2850 descriptionem
958 2783 1087 2849 spectare
1104 2777 1223 2832 censali.
1261 2775 1318 2832 Sed

233 2860 310 2932 quod
332 2877 366 2916 ea
388 2863 415 2916 in
433 2861 480 2917 ed.
497 2863 564 2918 rnin.
581 2863 615 2918 iis
631 2862 806 2936 Fragmentis
822 2863 996 2935 postposuit,
1017 2862 1117 2933 quibus
1133 2863 1188 2916 iarn
1205 2861 1240 2916 de
1256 2861 1318 2932 ipso

234 2944 385 3002 Sardiniae
400 2947 455 3004 situ
470 2957 497 3004 et
519 2949 647 3004 fabulosa
671 2955 762 3004 aetate
782 2965 815 3004 ac
829 2953 978 3022 praeterea
1000 2945 1035 3002 de
1052 2946 1183 3003 Corsicae
1203 2947 1320 3018 antiqui·

233 3036 288 3088 tate
315 3032 421 3106 agitur,
448 3050 548 3106 parum
570 3034 670 3104 placet.
713 3033 785 3091 Nam
806 3051 892 3106 quum
913 3033 962 3088 vix
986 3032 1107 3087 dubitari
1128 3031 1232 3103 possit,
1254 3032 1319 3103 quin

234 3125 331 3174 auctor
353 3119 459 3176 initium
481 3118 599 3176 secundi
623 3119 686 3175 libri
708 3118 818 3174 duxerit
840 3133 858 3174 a
879 3116 977 3189 Lepidi
1000 3119 1084 3172 rebus
1104 3116 1319 3189 persequendis,

234 3221 305 3275 quas
321 3207 350 3260 in
363 3209 453 3278 primo
470 3221 558 3277 usque
574 3203 611 3258 ad
630 3204 691 3260 eius
707 3203 804 3275 lugam
819 3203 846 3257 ln
861 3201 1020 3259 Sardiniam
1038 3207 1201 3257 narraverat
1218 3196 1266 3273 (v.
1283 3196 1320 3256 ad

233 3289 345 3361 Fragm.
363 3291 390 3358 Ι,
411 3292 492 3359 bii),
514 3293 737 3344 consentancum
756 3291 799 3344 est
816 3287 886 3342 baec
909 3291 996 3344 verba
1019 3288 1046 3341 in
1070 3287 1131 3358 ipso
1148 3284 1265 3340 exordio
1285 3285 1319 3342 iis

235 3374 383 3429 coniuncta
405 3376 508 3442 luisse,
531 3373 632 3445 quibus
652 3369 803 3428 Sallustius
818 3372 966 3430 consilium
983 3370 1019 3427 de
1041 3372 1114 3428 bello
1132 3370 1276 3443 lepidano
1292 3372 1320 3426 in

235 3456 368 3514 Sardinia
382 3463 463 3529 gesto
491 3454 659 3512 absolvendi
675 3449 840 3514 declaravit.
854 3488 897 3496 -—
924 3457 1094 3512 Praedicare
1108 3455 1135 3511 h.
1149 3454 1166 3510 Ι.
1182 3462 1226 3511 est
1236 3458 1321 3528 praes

234 3542 281 3597 vel
296 3547 378 3597 antea
393 3543 501 3611 dicere,
525 3557 579 3614 quo
596 3553 682 3596 sensu
699 3543 866 3598 vocabulum
884 3543 998 3614 saepius
1016 3557 1033 3595 a
1048 3539 1157 3596 Velleio
1175 3549 1201 3597 et
1216 3541 1321 3610 Quinti-

235 3627 310 3682 liano
328 3631 494 3698 usurpatur;
515 3628 551 3680 cl.
567 3624 736 3682 Boettioheri
750 3627 817 3682 Lex.
836 3625 923 3683 Tacit.
938 3644 966 3699 p.
982 3626 1043 3687 367.
1060 3633 1087 3682 et
1101 3622 1238 3682 Bonncllii
1253 3627 1321 3682 Lex.

236 3710 349 3780 Quintil.
364 3729 393 3782 p.
408 3715 470 3770 681.

319 3797 366 3852 Fr.
379 3802 405 3856 2.
439 3793 529 3865 [Cori.
543 3811 573 3866 p.
590 3798 653 3856 957.
675 3795 750 3851 Gerl.
773 3794 820 3866 ed.
843 3795 908 3856 mai.
928 3796 965 3864 ll,
991 3801 1017 3857 l.
1047 3795 1092 3852 cd.
1109 3797 1175 3852 min.
1191 3797 1231 3866 ll,
1249 3801 1275 3854 3.
1293 3813 1322 3867 p.

235 3887 302 3949 200,
320 3887 348 3940 3.
387 3881 471 3936 Debr.
487 3879 525 3949 ll,
543 3879 605 3948 aa]
644 3877 739 3938 Verba
754 3881 880 3936 servavit
895 3879 999 3937 Gellius
1015 3880 1091 3952 xiii,
1110 3885 1155 3940 29.
1173 3887 1201 3936 et
1215 3881 1323 3938 Nonius

235 3966 261 4036 Ι,
284 3971 343 4026 ibi.
364 3983 393 4038 p.
409 3969 461 4038 53,
481 3971 507 4024 1.
522 3963 610 4020 illene.
644 3965 750 4022 Eadem
766 3983 829 4021 cunr
848 3965 934 4021 multo
948 3967 1075 4038 pluribus
1094 3967 1182 4022 attulit
1197 3965 1323 4024 Isidorus

236 4047 310 4120 xlv,
334 4055 360 4119 6,
377 4056 422 4111 39.
438 4069 468 4123 p·
483 4053 545 4109 453.
561 4050 608 4106 ed.
624 4048 715 4120 Lind.,
739 4051 859 4107 sednon
874 4051 1015 4106 nominato
1039 4049 1182 4108 Sallustio.
1211 4047 1254 4106 Ex
1269 4067 1323 4124 quo

239 4152 408 4208 quamquam
430 4136 552 4209 plurima
570 4137 683 4208 petivit,
705 4141 814 4205 tamem
841 4151 926 4207 quum
941 4143 1086 4192 auctorum
1102 4138 1190 4192 verba
1202 4151 1267 4191 raro
1284 4136 1324 4190 in-

239 4226 318 4293 tegra
333 4221 446 4291 laudet,
470 4220 522 4278 sed
539 4221 594 4276 alia
609 4223 736 4277 omittere
752 4221 856 4290 soleat,
877 4221 933 4276 alia
947 4219 1053 4277 addere
1071 4221 1125 4289 (ci.
1141 4221 1213 4276 inira
1228 4219 1266 4276 ad
1278 4220 1323 4275 Fr.

238 4306 276 4378 ll,
292 4308 364 4378 13),
385 4307 469 4366 valde
491 4305 647 4366 verendum
662 4312 720 4375 est,
734 4311 765 4360 ut
779 4304 944 4362 Gerlachius
959 4311 989 4360 et
1001 4305 1172 4364 Debrossius
1185 4305 1261 4362 bunc
1275 4305 1325 4362 lsi-
