3096 4962
440 400 692 460 HISTORIAHUM
711 402 947 460 FRAGMENTA.
991 403 1057 460 LIB.
1079 405 1101 460 1.
1231 347 1239 366 ²
1294 401 1315 464 ii

327 593 358 658 Ξ.
395 586 476 662 Ceto
499 588 639 660 Romani
668 590 803 680 generis
830 589 1082 660 disertissumus
1105 591 1220 682 paucis
1251 592 1314 661 ab·

225 711 335 782 solvit.

225 917 278 985 111,
298 921 349 986 30,
364 921 434 978 109.
453 935 483 990 p.
504 923 567 978 391.
608 921 758 976 Praeterea
774 920 848 976 domi
871 925 898 976 et
919 922 1029 976 mditioe
1051 937 1107 977 non
1126 937 1225 978 verum
1247 938 1312 979 esse

182 1079 184 1082 Ι
224 1005 375 1058 verborum
396 1003 524 1060 ordinem
540 1022 597 1060 non
614 1008 704 1062 solum
727 1005 887 1076 intelligitur
902 1007 996 1076 priore
1011 1007 1148 1063 Prisciani
1170 1010 1232 1064 loco
1248 1025 1312 1064 cum

141 1162 144 1170 1
224 1087 317 1144 Rufini
339 1089 500 1147 testimonio
525 1097 703 1164 comparato,
728 1090 780 1146 sed
802 1090 867 1146 inde
883 1107 994 1162 quoque
1010 1094 1115 1160 elucet,
1136 1093 1213 1164 quod
1228 1095 1311 1166 longe

222 1174 313 1232 maior
327 1174 513 1230 Historiarum
528 1192 595 1246 pars
611 1177 640 1232 in
654 1179 738 1232 rebus
754 1177 862 1232 bellicis
877 1177 1025 1232 narrandis
1041 1183 1179 1234 versatur.
1203 1179 1310 1234 Eodem

223 1257 308 1312 modo
327 1260 436 1317 locutus
453 1266 497 1316 est
512 1262 595 1316 etiam
610 1259 706 1318 Livius
721 1261 782 1330 vu,
798 1267 842 1328 31,
858 1266 913 1330 16,
937 1277 1107 1334 quamquam
1124 1264 1252 1320 usitatius
1268 1269 1312 1320 est

223 1342 297 1398 domi
313 1345 483 1398 vocabulum
501 1347 649 1416 praeponi.
681 1347 822 1413 Quantum
837 1347 972 1416 temporis
988 1347 1108 1417 spatium
1124 1351 1310 1419 complectan-

224 1432 268 1481 tur
285 1429 371 1488 verba
385 1427 724 1500 acdeindeexposuimus
740 1430 960 1499 inpraelatione.
990 1429 1233 1504 Tantaestautem
1245 1434 1311 1488 Ger·
1356 1422 1361 1434 '

225 1509 310 1565 lachii
327 1510 422 1571 iudicii
438 1513 621 1583 perversitas,
637 1519 667 1568 ut
681 1513 746 1567 Vol.
761 1513 809 1566 111.
825 1529 853 1584 p.
869 1513 914 1570 47.
930 1530 986 1567 non
1001 1513 1139 1570 dubitaret
1154 1515 1227 1570 haec
1244 1518 1312 1572 seri·

224 1597 309 1652 bere:
326 1595 389 1664 „Ex
404 1595 450 1652 his
467 1598 560 1654 verbis
576 1598 747 1670 intelligitur,
763 1587 927 1656 ¹Sallustium
941 1599 1020 1656 initio
1036 1598 1097 1654 libri
1112 1599 1236 1656 nondum
1253 1617 1321 1669 cer--

223 1686 280 1738 tum
294 1679 434 1752 quendam
445 1680 540 1750 finem
557 1682 594 1738 ad
607 1700 690 1754 quern
702 1680 754 1739 sibi
764 1682 1004 1755 progrediendum
1016 1700 1081 1742 esse
1092 1686 1200 1755 putavit
1213 1687 1269 1752 (sic
1278 1683 1310 1754 1),

146 1799 154 1806 ··
224 1766 434 1822 constituisse.“
465 1765 579 1824 Scilicet
598 1769 653 1826 hoc
668 1767 743 1824 idem
759 1774 817 1836 est,
833 1784 866 1825 ac
883 1769 906 1823 si
922 1769 1041 1826 dixisset
1057 1771 1132 1826 illurn
1147 1771 1254 1826 ebrium
1273 1771 1311 1826 ad

158 1853 163 1860 '
222 1851 361 1906 Historias
383 1853 597 1922 componendas
614 1855 784 1910 accessisse.
813 1855 851 1908 cl.
867 1871 938 1925 quae
955 1855 1077 1910 diximus
1092 1856 1121 1910 in
1135 1855 1219 1912 Jahni
1235 1857 1309 1912 Nov.

221 1937 296 1990 Ann.
319 1936 419 1994 Philol.
442 1942 469 1991 et
491 1938 577 1994 Paed.
603 1955 631 1994 a.
652 1943 730 1998 laea.
750 1939 817 1994 Vol.
839 1939 875 2000 V.
900 1957 930 2012 p.
950 1943 1002 2000 271
1018 1957 1080 2012 sqq.
1097 1945 1126 1996 et
1141 1941 1255 1998 Linker.
1272 1941 1308 1996 de

222 2019 288 2078 Sall.
304 2021 375 2077 Hist.
390 2023 520 2078 Prooem.
537 2042 566 2096 p.
584 2030 619 2083 10
632 2041 694 2096 sqq.
732 2070 735 2074 .

279 2178 282 2182 Ι
306 2107 352 2162 Fr.
367 2112 396 2166 3.
425 2103 511 2181 [Cori.
527 2127 557 2180 p.
572 2113 634 2167 933.
657 2110 734 2164 Gerl.
749 2109 797 2164 ed.
813 2110 879 2166 mai.
894 2109 914 2176 1,
929 2115 955 2168 1.
972 2108 1019 2164 ed.
1037 2110 1104 2165 min.
1119 2111 1140 2178 l,
1158 2115 1185 2168 3.
1202 2129 1229 2182 p.
1246 2117 1306 2179 lea,

221 2197 248 2249 4.
263 2192 348 2247 Debr.
363 2193 390 2260 1,
410 2194 455 2262 4.]
477 2194 573 2250 Verba
588 2195 713 2250 servavit
727 2195 889 2251 Victorinus
902 2194 932 2247 in
948 2194 1063 2250 Rhetor.
1079 2193 1137 2249 Cio.
1153 2212 1182 2265 p.
1198 2199 1246 2267 st,
1262 2201 1308 2254 33.

223 2277 308 2332 Orell.
323 2277 371 2348 qui
383 2313 404 2349 „
417 2277 555 2351 Historia,
578 2279 682 2351 inquit,
704 2285 731 2332 et
748 2280 844 2335 brevis
865 2294 931 2333 esse
948 2277 1032 2332 debet
1047 2279 1075 2332 in
1090 2281 1266 2349 expositione
1282 2289 1309 2336 et

222 2367 320 2432 aperta
336 2367 363 2436 et
373 2363 536 2436 probabilis,
552 2369 580 2418 ut
593 2362 742 2420 Sallustius
757 2364 810 2420 sibi
823 2365 917 2419 omnia
929 2363 956 2416 in
968 2361 1086 2418 Catilina
1101 2364 1208 2419 tribuit:
1225 2381 1307 2435 quom

221 2449 362 2502 ammaim
372 2452 471 2520 potero
481 2450 582 2519 paucis
596 2449 735 2505 absolvam
742 2473 752 2512 ,-
766 2465 851 2521 quum
867 2449 929 2504 aliis
944 2448 1180 2520 historiographis
1196 2450 1308 2521 singula

222 2532 387 2590 tradidisset
403 2533 431 2587 in
447 2533 517 2588 libro
533 2535 553 2588 Ι.
569 2534 764 2608 Historiarum,
779 2533 877 2590 Catoni
892 2534 1074 2590 brevitatem:
1091 2533 1214 2590 Boanum
1222 2549 1306 2606 yene-
1374 2541 1377 2556 '

208 2619 263 2671 ris
278 2619 471 2674 dirertrbrr'mus
479 2621 582 2690 paucis
596 2609 720 2690 absoluit3
740 2621 847 2675 Fannio
864 2636 933 2675 vero
948 2616 1128 2676 veritatem.“
1157 2621 1306 2676 Praeterea

213 2701 341 2778 ¹Servius
356 2703 393 2760 ad
409 2703 491 2774 Virg.
507 2703 579 2760 Aera.
596 2706 622 2776 Ι,
642 2709 686 2764 dd
702 2706 754 2761 tria
768 2705 864 2776 priora
879 2707 968 2762 verba
983 2703 1094 2776 laudat,
1119 2703 1157 2760 ad
1172 2705 1306 2760 eundem-

222 2803 276 2858 que
296 2790 390 2843 loeum
412 2788 527 2859 respicit
546 2789 621 2845 Acro
643 2789 681 2846 ad
694 2791 790 2846 Horat
806 2789 864 2846 Sat.
887 2790 915 2862 l,
931 2795 981 2862 10,
1001 2794 1028 2848 9.
1047 2789 1093 2844 his
1109 2790 1204 2844 verbis
1219 2803 1305 2846 usus:

221 2872 291 2945 „Sic
307 2880 336 2926 et
346 2871 413 2926 Cato
430 2873 560 2930 laudatur
575 2890 591 2927 a
604 2873 748 2946 Sallustio,
762 2875 839 2944 qnod
853 2876 938 2930 mtto
953 2876 1055 2945 paucis
1069 2873 1245 2930 mroivmitf‘
1264 2876 1305 2930 Ex

90 2955 94 2970 ⁸
151 2957 154 2962 '
221 2956 276 3012 hoc
292 2956 414 3012 Acconis
430 2957 493 3012 loeo
508 2958 607 3020 multo,
623 2957 700 3028 quod
715 2959 742 3011 in
759 2960 888 3014 omnibus
904 2958 973 3014 Sall.
988 2958 1055 3013 edd.
1070 2959 1188 3030 legitur,
1212 2960 1240 3014 in
1259 2961 1307 3013 Vi·

222 3042 322 3108 ctorini
332 3043 421 3096 verba
436 3057 501 3096 esse
514 3041 619 3098 illatum
634 3048 709 3097 recte
727 3040 833 3097 iudicat
843 3043 981 3096 linlrerus
999 3042 1034 3096 de
1047 3041 1115 3096 Hist.
1131 3044 1259 3098 Prooem.
1276 3061 1306 3113 p.

221 3131 283 3197 30.;
309 3125 386 3182 aliud
407 3126 482 3181 enim
503 3143 586 3198 quam
606 3127 706 3196 multe,
730 3125 807 3206 quod
823 3125 1003 3182 scholiastam
1019 3125 1108 3196 sapit,
1129 3127 1217 3186 luisse
1231 3126 1307 3196 apud

223 3211 292 3268 Sall.
313 3213 375 3268 luce
400 3213 504 3269 clarius
525 3217 577 3268 est.
613 3213 773 3284 Fragmenti
788 3227 889 3267 seriens
905 3210 980 3264 enim
995 3207 1073 3264 haud
1088 3207 1171 3264 dubie
1191 3209 1237 3264 bic
1255 3217 1306 3277 est,

223 3295 356 3354 Catonern
377 3313 471 3354 rerum
494 3297 726 3369 gravissimarum
741 3298 856 3368 ¹copiam
877 3294 1031 3352 levioribus
1049 3294 1163 3352 omissis
1184 3295 1307 3348 breviter

223 3399 256 3438 ac
271 3383 391 3454 simplici
406 3383 543 3456 oratione,
557 3384 666 3438 remota
681 3383 758 3440 inani
770 3385 922 3440 verborum
937 3378 1131 3447 ostentatione,
1148 3395 1306 3435 enarrasse.

223 3467 267 3522 Ab
280 3467 335 3522 hoc
347 3467 471 3523 Sallustii
491 3467 595 3524 iudicio
611 3484 667 3523 non
683 3471 798 3528 multum
813 3467 955 3522 diversum
972 3471 1024 3540 est,
1040 3465 1116 3536 quod
1131 3463 1228 3520 Cicero
1243 3482 1308 3536 pro·

223 3550 367 3622 posuitde
387 3551 461 3607 Orat.
474 3553 515 3625 Il,
536 3559 584 3626 12,
605 3557 648 3612 53.
693 3551 789 3620 Qualis
806 3553 884 3624 apud
898 3551 1019 3607 Graecos
1032 3549 1217 3622 Pherecydes
1237 3551 1305 3606 Hel-

222 3627 340 3705 unane,
359 3636 505 3692 Acueiiaus
524 3636 587 3709 fuit,
608 3638 708 3713 aliique
723 3639 870 3710 pamelii,
892 3637 954 3691 tatis
970 3639 1063 3692 water
1085 3634 1151 3692 Cute
1172 3640 1198 3690 et
1212 3634 1308 3692 Pictor

222 3727 248 3776 et
267 3720 347 3791 Pico,
367 3723 415 3794 qui
434 3735 522 3793 neque
538 3727 641 3792 tenent,
659 3723 755 3794 quibas
770 3723 854 3778 rebus
873 3727 991 3778 ornatur
1011 3722 1099 3776 oratio
1119 3715 1217 3794 (modo
1236 3723 1307 3776 enim

221 3802 276 3863 be
288 3809 341 3862 istu
363 3811 429 3862 sunt
443 3808 615 3878 importata),
636 3813 662 3862 et
678 3808 742 3863 dam
756 3807 931 3879 metiebatur,
952 3805 1019 3877 quid
1037 3806 1139 3874 ἀίεαηι,
1160 3823 1245 3862 unum
1264 3806 1306 3860 di-

222 3893 304 3948 cendi
322 3891 432 3950 laudem
448 3897 551 3964 putant
571 3905 630 3946 ease
650 3891 815 3948 breuitotern.
845 3890 1091 3950 Disertumluisse
1106 3889 1240 3945 Catonem
1257 3908 1307 3960 pa·

195 3997 208 4032 ·.
223 3979 289 4033 riter
303 3982 420 4034 testatur
435 3975 532 4033 Cicero
548 3978 576 4031 in
591 3977 676 4062 Bruto
692 3994 716 4038 c.
734 3981 777 4050 17,
792 3981 835 4036 66.
865 3975 929 4031 Iam
943 3989 1008 4030 vero
1021 3977 1140 4048 oripines
1155 3977 1214 4032 aas
1227 3991 1307 4045 quem

220 4062 345 4134 floreio,
360 4067 410 4118 aut
434 4062 508 4133 praed
534 4063 624 4118 iumen
645 4062 814 4133 eloquentur
837 4077 893 4118 non
912 4060 1032 4116 baberet?
1068 4059 1168 4116 Cetera
1182 4067 1307 4114 veterum

225 4148 260 4202 de
282 4145 385 4202 Calene
408 4147 512 4202 indicia
529 4152 659 4202 accurate
682 4148 795 4218 collegit
814 4145 922 4202 Frider.
938 4143 1093 4200 Ellendtius
1115 4146 1143 4198 in
1159 4144 1307 4200 Succincta

225 4233 401 4303 eloquentiae
415 4232 559 4288 Romanae
575 4231 702 4303 historia,
719 4231 823 4287 Bruti
840 4231 954 4286 editioni
969 4229 1104 4301 praelixa,
1120 4236 1144 4295 s.
1161 4231 1204 4285 13.
1219 4245 1247 4300 p.
1264 4234 1308 4284 24.

225 4317 271 4372 ed.
280 4317 319 4374 ·ll.
348 4317 511 4374 Sallustitun
525 4315 639 4373 Catonis
654 4317 820 4372 concinnam
834 4317 999 4373 brevitatem
1013 4320 1041 4370 et
1053 4315 1178 4386 priscum
1194 4310 1307 4367 dicendi

1068 4410 1112 4472 l*
