3062 4958
451 377 698 434 HISTORIARUM
719 373 948 434 FRAGMENTA.
985 377 1049 432 LIB.
1069 376 1113 430 ΙΙΙ.
1275 365 1338 451 821

217 561 441 656 sipotestatis.
481 561 624 647 Verum,
647 559 805 648 onnus,
828 565 925 632 antea
942 561 1066 654 singuli
1091 560 1182 632 civ'es
1205 559 1238 632 in
1258 559 1336 651 plu-

254 687 361 773 ribus,
382 709 449 758 non
469 687 502 758 in
522 709 589 758 uno
607 689 714 758 cuncti
737 687 902 779 praesidia
918 687 1105 773 tulleheim,
1121 704 1230 780 nsque
1243 709 1336 764 rnor-

210 811 368 884 nstaIIum
385 812 559 908 qumquam
582 815 662 884 dare
681 816 739 882 aut
753 813 881 904 eripere
900 813 979 885 talia
997 836 1084 884 unus
1102 815 1242 906 poterat.
1268 809 1336 882 lu-

252 957 319 1031 qne
341 938 520 1010 verborum
542 940 624 1010 satis
646 939 769 1008 dietum
792 941 852 1013 cst.
890 939 1005 1032 licque
1031 939 1117 1009 anim
1149 936 1336 1032 ignorantia
1361 939 1365 948 '

206 1081 307 1140 sares
345 1063 485 1150 claudit,
515 1083 631 1136 vcrurn
657 1063 831 1156 occupavit
851 1063 964 1135 nescio
993 1085 1079 1158 quae
1101 1085 1163 1139 vos
1184 1062 1335 1153 torpedo,

253 1209 318 1281 qua
359 1205 425 1260 non
464 1187 573 1282 gloria
608 1189 783 1262 movemini
824 1211 932 1284 neque
968 1189 1113 1282 flagitia,
1153 1192 1335 1280 cunctaque

252 1395 418 1468 Fragmenta
432 1396 504 1465 (Inc.
521 1399 589 1466 te),
608 1396 683 1468 quod
704 1396 852 1452 iterumad
866 1397 898 1468 ΙΙ,
914 1403 940 1466 3,
953 1400 997 1457 38.
1014 1396 1112 1452 attulit.
1133 1394 1267 1450 Claudere
1283 1411 1334 1467 pro

251 1479 412 1536 claudicare
425 1481 508 1536 ctIam
520 1479 589 1536 dixit
604 1477 702 1538 Cicero
717 1481 801 1538 Tusa.
817 1481 853 1550 V,
866 1485 893 1552 8,
908 1485 951 1544 22.
976 1481 1094 1538 Beatam
1108 1479 1204 1547 citam,
1218 1480 1298 1534 etaiam
1312 1482 1337 1534 ai

251 1579 289 1620 ec
303 1567 395 1638 aliquo
411 1571 498 1638 parte
512 1567 718 1637 clauderet,
740 1573 830 1623 tamen
845 1578 882 1624 ex
899 1569 980 1624 multo
995 1568 1100 1624 maiore
1114 1571 1200 1637 parte
1216 1565 1336 1619 obtinere

251 1665 350 1706 nomm
364 1665 458 1720 suum,
480 1651 527 1706 abi
546 1668 574 1708 v.
590 1650 715 1708 Kahner.
732 1652 774 1708 ld.
790 1651 864 1709 Orat.
882 1658 925 1721 51,
943 1655 1004 1713 170.
1022 1651 1095 1720 Qua
1108 1657 1155 1718 eu,
1171 1666 1223 1705 cim
1238 1649 1335 1726 etau-

251 1736 336 1791 etere
351 1743 399 1791 eut
415 1737 540 1791 institere
562 1739 712 1794 cratonem
733 1739 847 1794 umltnt?
872 1739 949 1795 Brut.
967 1743 1017 1808 ab,
1032 1741 1093 1797 ill.
1122 1733 1157 1790 In
1172 1749 1335 1809 quacunque

247 1825 332 1893 perte
344 1837 402 1876 uua
414 1823 503 1894 moue
516 1823 719 1890 clauderet,
741 1831 839 1880 orator
857 1837 918 1880 esee
937 1838 994 1880 non
1008 1828 1113 1896 posset.
1134 1823 1171 1877 bl.
1191 1817 1334 1878 orauere

251 1906 287 1961 ad
308 1907 369 1965 LIv.
384 1905 475 1975 XXII,
494 1907 538 1975 39,
555 1911 582 1966 3.
599 1909 671 1964 inira
685 1909 730 1964 Fr.
747 1909 792 1978 ΙΙΙ,
806 1913 850 1970 98.

258 1995 261 2002 ’
279 1993 280 1996 ’
334 1997 360 2058 S·
375 1997 420 2051 aa.
434 2009 491 2064 qua
506 2007 561 2048 aaa
575 1995 665 2066 amata
679 1997 835 2062 movemini)
856 1993 908 2050 Pro
924 2009 989 2066 qua,
1006 1992 1082 2066 quod
1093 1997 1169 2048 tenet
1184 1992 1248 2046 Vat.
1262 1998 1288 2051 1.
1305 1997 1333 2046 et

248 2079 286 2146 2,
302 2077 369 2132 olim
379 2079 523 2150 legebatur
537 2079 611 2149 quia,
628 2093 664 2133 cx
681 2095 759 2134 mera
769 2079 983 2152 interpolatione
994 2079 1178 2146 librariorum,
1191 2079 1238 2149 qui
1253 2078 1332 2149 igno

250 2167 360 2232 retent,
383 2161 461 2218 haud
480 2175 542 2217 raro
564 2161 636 2218 duos
652 2163 791 2220 ablativos
814 2163 944 2220 diversae
960 2163 1105 2235 potestatis
1125 2161 1162 2220 ad
1176 2162 1251 2217 idem
1271 2177 1332 2216 vcr-

249 2249 316 2302 bum
329 2247 478 2320 pertinere.
513 2245 571 2302 Hoc
586 2247 671 2319 igitur
683 2250 750 2303 loco
767 2265 822 2322 qua
837 2247 874 2305 ad
889 2247 1063 2320 torpedInem
1078 2249 1194 2304 relatum
1211 2259 1331 2304 caussae

251 2333 307 2388 tim
322 2331 415 2400 habet,
430 2333 520 2404 pluria
538 2337 565 2386 et
577 2332 681 2405 llapitio
698 2325 887 2403 instrumenti}
912 2331 1116 2407 quae'dialtur,
1132 2336 1271 2404 potestate
1286 2347 1333 2388 ca·

249 2417 400 2488 piendum3
416 2419 454 2473 cl.
469 2416 562 2489 paullo
580 2433 666 2489 supro
680 2424 706 2484 s.
724 2423 766 2479 19.
810 2419 885 2488 Qua
900 2422 956 2490 (sc.
974 2419 1037 2490 lege
1052 2417 1248 2485 frumentaria)
1262 2419 1331 2490 qul·

160 2520 163 2528 ·
247 2505 302 2558 nis
316 2503 438 2558 modiis
449 2502 597 2558 libertatem
608 2506 726 2560 omnium
737 2509 932 2575 cummanere,
942 2505 989 2562 ubi
1001 2504 1148 2561 relativum
1155 2502 1332 2560 remotiorem

249 2603 380 2646 caussam
396 2587 543 2662 desIgnat,
570 2589 639 2644 alter
656 2591 794 2648 ablativus
805 2591 905 2664 preti,
933 2607 1005 2664 quae
1025 2589 1139 2662 dicitur,
1165 2593 1331 2662 potestatem

249 2673 342 2730 hahet.
366 2673 468 2742 aaut,
480 2677 577 2741 19,15.
600 2673 799 2732 Multitudiucm
815 2679 906 2733 artis
920 2677 1009 2734 tacit
1017 2692 1139 2750 pupae
1150 2673 1331 2754 prohibuere.

249 2759 285 2813 ib.
303 2759 351 2826 IV,
367 2761 411 2818 34.
455 2757 582 2814 Pluribus
601 2757 636 2812 de
654 2759 708 2816 hoc
726 2778 779 2818 usu
794 2767 912 2834 egerunt
927 2757 1058 2818 Matthias
1081 2757 1118 2816 ad
1134 2757 1193 2816 cie.
1213 2777 1243 2830 p.
1257 2757 1330 2814 Mur.

249 2843 392 2910 541187.
430 2841 584 2898 Ellendtius
608 2841 645 2896 ad
665 2843 721 2900 Cic.
741 2845 991 2914 deorumst,
1015 2847 1074 2904 174.
1113 2844 1280 2900 Kuehnerus
1293 2843 1330 2900 ad

249 2925 385 2993 Tusclll,
395 2931 539 2996 15,31.-
555 2925 666 2996 Canem,
682 2928 700 2982 i.
711 2945 735 3004 e.
750 2929 819 2998 Iura,
835 2931 999 2998 libertatem,
1015 2929 1178 3002 dignitatem
1197 2934 1329 2985 vestram.

248 3039 291 3050 --
310 3010 463 3066 Mutamus
483 3010 602 3069 arellius
626 3017 702 3068 recte
724 3013 919 3086 interpretatur
940 3015 1096 3072 candidatu
1114 3031 1171 3086 pro
1186 3016 1333 3084 praeacuti

247 3097 371 3170 tenacia,
394 3095 470 3168 quod
492 3096 538 3152 hic
560 3096 635 3154 valet
654 3099 817 3170 neglexistis
840 3101 884 3158 vel
899 3099 1058 3166 abiecistis,
1084 3099 1156 3154 utin
1171 3099 1330 3170 praesentia

249 3182 362 3254 ignavis
375 3181 454 3237 vobis
471 3198 535 3237 esse
551 3182 643 3238 llaeat.
670 3183 834 3258 Metaphore
848 3184 962 3242 ductau
979 3183 1140 3254 mercando,
1155 3173 1238 3256 quum
1254 3178 1330 3238 aliud

252 3265 347 3336 datur,
371 3267 490 3325 utaliud
506 3267 680 3340 accipietium,
708 3270 743 3329 el.
760 3270 820 3342 lug.
836 3269 931 3338 XLIV,
950 3275 978 3328 5.
1021 3269 1112 3326 amau
1120 3269 1258 3342 permisti
1269 3283 1329 3326 cum

250 3351 375 3408 militibus
386 3353 496 3426 pecoris
508 3358 534 3408 et
544 3355 743 3428 mancipiorum
748 3357 876 3428 praedas
887 3370 980 3428 opere,
994 3369 1105 3428 cacque
1119 3373 1145 3408 m
1153 3372 1170 3412 u
1178 3349 1209 3408 tu
1218 3368 1255 3408 re
1269 3369 1330 3408 cum

250 3438 447 3500 mercatoribus
463 3441 542 3495 uiuo
563 3439 767 3496 advectitio.
799 3441 868 3500 Hisl.
881 3441 930 3496 ar.
946 3442 965 3508 Ι,
981 3445 1024 3508 51,
1040 3444 1067 3500 7.
1115 3439 1182 3496 Tum
1202 3444 1264 3500 erat
1276 3437 1330 3494 Le-

245 3521 331 3596 picus
345 3523 416 3578 latro
432 3539 494 3580 cum
511 3553 553 3564 —-
563 3526 665 3596 pauca's
678 3526 794 3595 mcertis,
811 3543 926 3598 quorum
939 3541 1017 3580 nemo
1032 3543 1087 3582 nou
1103 3525 1229 3584 diurna
1246 3539 1330 3580 mer·

251 3608 457 3663 aeeteoitam
478 3611 674 3665 mutaverit.
712 3609 790 3664 Catil.
815 3627 841 3665 c.
863 3612 957 3679 LVIII,
980 3616 1022 3670 15.
1068 3611 1153 3666 Nemo
1173 3611 1228 3666 uisi
1245 3611 1330 3666 uictor·

247 3707 342 3764 pace
364 3693 489 3748 bellum
510 3696 663 3749 mutauit.
694 3725 735 3736 -
760 3695 800 3749 Ile
815 3710 874 3751 esse
890 3697 1025 3750 infinitivo
1043 3695 1080 3750 ad
1095 3695 1251 3767 praedicati
1266 3699 1330 3750 sub·

252 3778 402 3834 stantivum
419 3777 569 3833 libertatem
583 3777 689 3834 omisso
704 3799 734 3837 v.
750 3779 787 3834 ad
802 3779 912 3854 Fragm.
928 3783 948 3849 Ι,
963 3785 1007 3848 45,
1026 3784 1066 3840 19.
1093 3805 1131 3820 0-
1163 3777 1233 3848 Quia
1247 3783 1331 3851 terpis

237 3863 410 3932 'abrtiuetum
439 3863 573 3934 Spectant
587 3863 657 3918 haec
672 3863 709 3919 ad
724 3865 815 3937 legem
832 3866 969 3933 Porciam,
988 3866 1023 3921 de
1041 3881 1096 3937 qua
1110 3865 1248 3934 LiuiusX‚
1263 3871 1289 3934 9,
1302 3869 1329 3924 4.

250 3946 353 4006 Porcia
374 3949 436 4018 lec,
456 3948 558 4019 inquit,
578 3949 637 4002 solat
649 3965 707 4020 pro
725 3954 799 4022 arpo
822 3952 918 4006 civium
940 3951 997 4006 teta
1020 3952 1137 4022 uidetur,
1156 3951 1229 4024 quod
1250 3954 1332 4024 prael

247 4046 355 4104 poena,
382 4034 407 4088 st
430 4035 490 4106 puts
511 4032 685 4088 uerberasset
702 4040 858 4091 necassetue
881 4037 965 4091 ciuem
981 4035 1152 4104 Romanum,
1172 4039 1275 4092 eam.
1291 4037 1328 4092 cl.

253 4116 331 4175 Catil.
347 4135 373 4174 c.
388 4119 429 4188 LI,
443 4123 488 4176 11.
504 4125 530 4172 et
546 4125 573 4174 v‘.
589 4117 695 4190 Zumpt.
712 4118 748 4174 ud
764 4119 821 4175 (lie.
836 4121 919 4191 Veri.
932 4121 967 4190 Il,
982 4127 1027 4191 53,
1045 4126 1106 4182 163.
1117 4139 1145 4194 p.
1158 4125 1220 4182 178.
1237 4121 1329 4177 ReInii

251 4201 297 4257 lus
312 4203 392 4259 Rom.
407 4205 481 4276 priv.
499 4222 528 4276 p.
544 4205 589 4261 44.
617 4233 659 4244 --
685 4204 780 4260 Verba
793 4215 910 4262 munera
925 4207 1017 4264 citium
1032 4207 1202 4264 dommulum
1217 4207 1330 4280 apposi-

251 4288 334 4344 IIonis
349 4290 377 4345 vi
391 4289 549 4346 referuntur
565 4285 601 4345 eci
615 4290 820 4365 praecedentes
833 4291 1055 4350 enunciationcs.
1071 4293 1104 4348 Id
1116 4295 1332 4350 constructionis

1061 4385 1128 4450 m*
