3062 4958
451 417 697 474 HISTORlARUM
719 417 951 475 FRAGMENTA.
995 419 1061 476 LlB.
1081 419 1125 474 tlt
1258 407 1321 476 287

244 623 341 688 vere,
362 602 417 695 qui
434 603 583 694 prolecto
604 621 670 672 non
691 601 831 694 amplius
856 607 999 694 possunt
1024 601 1185 673 alimentis
1205 623 1321 673 carce-

244 726 301 796 ris.
348 728 496 822 Namque
522 731 558 795 ul
582 727 647 796 illis
672 727 853 820 exiguitate
875 751 965 798 mors
990 727 1202 818 prohibetur,
1221 747 1323 798 seue·

245 856 342 921 scunt
363 853 472 937 virae,
497 850 545 920 sic
565 871 673 944 neque
697 851 839 924 absolvit
859 873 938 922 cura
963 853 1113 924 familiari
1136 856 1200 923 tam
1219 873 1324 943 parva

245 997 317 1061 res,
350 980 382 1047 et
416 974 583 1070 ignaviam
616 974 776 1070 cuiusque
811 977 1002 1048 tenuissima
1037 1001 1097 1070 spe
1129 979 1322 1065 frustratum

204 1114 331 1195 acquae
347 1104 457 1172 umen
471 1097 622 1194 quamvis
635 1099 744 1192 ampla
758 1093 911 1196 quoniam
927 1101 1041 1173 serviti
1055 1103 1196 1194 pretium
1206 1105 1323 1173 osten-

246 1340 360 1419 putsquc
374 1341 531 1398 mursano
541 1341 789 1414 pertranseuntem
803 1367 846 1380 -
860 1340 926 1397 cod·
942 1339 1035 1396 Ciacc.
1048 1347 1074 1396 ct
1086 1342 1178 1414 gnavi
1194 1345 1323 1414 cuiusque

247 1427 403 1480 minuma
419 1439 470 1496 spe
483 1427 651 1499 frustratur.
684 1425 744 1480 Hae
761 1425 891 1482 codicum
909 1425 1115 1498 discrepantiae
1130 1428 1246 1483 multum
1262 1427 1321 1481 edi·

246 1515 321 1566 tores
342 1515 492 1566 torserunt.
518 1511 591 1568 Edd.
613 1512 686 1567 Ven.
701 1511 776 1564 enim
796 1512 931 1582 praebent
951 1518 977 1566 et
992 1513 1115 1583 tpuuut
1134 1513 1194 1585 qui
1211 1525 1325 1582 usquc

247 1595 419 1659 tenuissimae
429 1596 697 1669 perseueranter
703 1617 712 1658 ‚·
722 1625 764 1636 -
775 1595 916 1652 Puteanus
930 1595 1005 1668 apud
1018 1594 1181 1652 Carrionem
1193 1601 1219 1651 ct
1231 1598 1324 1667 ipae-

245 1693 308 1734 uus
333 1682 480 1752 quisque
505 1683 661 1738 tenuissima
681 1695 732 1754 cpe
753 1679 928 1752 frustrabam
948 1711 990 1720 —
1016 1679 1149 1738 Gruterus
1172 1687 1198 1736 ct
1222 1682 1324 1752 iqua-

246 1765 394 1819 otasumi
416 1769 547 1838 quique
570 1768 725 1822 tenuissimo
740 1779 791 1838 spe
804 1765 1013 1837 frustraneum
1032 1795 1074 1804 —-
1101 1767 1224 1824 Gronov.
1240 1765 1325 1822 Obss.

246 1847 291 1917 ΙΙΙ,
314 1854 339 1907 2.
363 1866 390 1922 p.
411 1853 474 1911 343.
497 1851 541 1907 ed.
567 1850 642 1923 Lips.
666 1853 831 1922 stipabat
851 1851 1024 1924 cuiusque
1047 1853 1324 1923 mammotreptus

244 1931 411 2005 sntetrutur.
444 1937 520 1992 llaec
537 1937 695 2004 attulimus,
717 1951 773 1990 non
788 1951 843 2006 quo
860 1936 973 2008 singula
988 1937 1196 2005 refelleremus,
1219 1935 1271 1992 sed
1285 1942 1324 2005 ut,

247 2033 330 2089 quam
345 2019 418 2074 lalse
433 2028 536 2091 esseut,
555 2021 617 2076 sola
630 2020 660 2076 vi
675 2035 761 2076 verae
779 2021 907 2078 lectionis
921 2027 1038 2092 pateret.
1061 2023 1234 2077 Felicissime
1250 2021 1325 2074 enim

248 2103 367 2159 Orellius
389 2104 417 2160 iu
439 2106 485 2162 ed.
507 2122 534 2162 a.
556 2109 633 2164 1840.
649 2105 720 2161 vidit
740 2107 848 2178 qnam,
869 2104 946 2176 quod
959 2107 1086 2177 apicibus
1103 2107 1254 2161 litterarum
1269 2121 1325 2160 non

248 2187 393 2246 diversum
414 2197 458 2246 est
478 2190 512 2246 ab
534 2192 642 2262 mucul,
660 2189 858 2260 compendium
878 2191 1013 2261 ignauiam
1036 2191 1116 2246 vocis
1133 2206 1213 2258 esse,
1234 2205 1325 2262 neque

248 2279 356 2328 ceteras
377 2275 551 2347 corruptelas
573 2275 651 2330 aliter
673 2290 757 2345 quam
779 2274 960 2330 distractione
980 2276 1133 2330 litterarum
1153 2280 1228 2330 ortas
1250 2291 1325 2343 esse,

248 2357 283 2412 de
299 2374 354 2430 quo
371 2359 429 2415 vitii
446 2375 550 2431 genere
566 2375 595 2414 v.
612 2375 698 2431 supra
712 2359 749 2414 ad
765 2358 817 2429 Ill,
832 2363 878 2418 23.
895 2364 922 2413 et
936 2359 972 2414 ad
986 2361 1032 2416 Fr.
1048 2361 1074 2428 Ι,
1090 2361 1136 2418 33.
1174 2360 1280 2428 Quibus
1298 2361 1326 2414 iu

247 2442 375 2498 ordinem
396 2445 529 2518 repositis
551 2445 731 2516 integerrima
752 2444 846 2517 prodit
867 2445 1004 2500 sententia
1023 2444 1201 2515 bimembris,
1216 2459 1351 2516 negans„

248 2530 348 2598 altera,
369 2529 457 2585 altera
478 2531 575 2600 aiens,
597 2530 642 2584 cui
656 2529 765 2601 utrique
785 2545 933 2587 commune
949 2535 992 2586 est
1008 2531 1162 2586 subiectum
1178 2535 1233 2585 tom
1250 2545 1324 2602 pur-

171 2653 174 2658 ,
246 2627 348 2669 cures.
376 2614 454 2682 Quae
470 2631 554 2687 quum
573 2617 709 2688 quamam
723 2617 855 2688 cuiusque
870 2617 1025 2672 tenuissima
1039 2629 1089 2689 spe
1103 2615 1245 2688 fmuuri
1259 2614 1327 2669 dici·

247 2704 300 2766 tur,
317 2714 419 2754 sensus
434 2707 492 2774 ests
515 2701 619 2772 exigua
633 2701 763 2755 frumenti
778 2701 904 2772 largitio,
922 2701 1053 2773 quoniam
1070 2702 1142 2756 salso
1157 2701 1328 2756 benevolen-

247 2783 302 2838 tiae
324 2785 475 2840 nobilitatis
494 2785 522 2839 in
537 2786 649 2856 plebem
665 2784 862 2840 documentum
882 2786 1014 2854 habetur,
1036 2802 1133 2840 omnes
1154 2785 1274 2858 ignavos
1292 2785 1326 2838 in

247 2869 441 2922 tenuissimam
457 2874 484 2922 et
505 2884 622 2941 prorsus
645 2883 748 2924 vanam
771 2885 851 2941 spem
872 2871 996 2926 melioris
1012 2870 1187 2926 condicionls
1209 2869 1325 2927 inducit.

247 2952 336 3006 Aliter
357 2950 484 3006 Corlius:
517 2952 733 3025 „Decipiuntur,
760 2953 873 3024 quando
901 2960 1016 3026 sperant
1042 2955 1137 3025 quinis
1157 2955 1202 3010 his
1224 2954 1326 3010 modiis

248 3051 335 3106 posse
350 3053 437 3108 seque
452 3053 575 3109 suosque
591 3043 757 3094 sustentare.
794 3039 891 3109 Neque
906 3039 1006 3093 melius
1023 3039 1186 3094 Gerlachius
1202 3040 1265 3093 Vol.
1282 3038 1326 3092 ΙΙΙ.

249 3137 278 3190 p.
293 3123 337 3178 98.
360 3121 468 3190 „Fraus
483 3123 577 3194 potius
593 3123 622 3177 in
637 3139 671 3178 eo
687 3128 747 3177 erat
758 3123 861 3195 posita,
877 3120 953 3194 quod
967 3121 1021 3178 bac
1040 3137 1130 3192 parve
1145 3123 1272 3178 mercede
1286 3120 1327 3190 (t)

248 3205 364 3260 maioris
380 3206 558 3278 praemitti)
576 3223 642 3280 spes
658 3209 693 3264 iis
709 3214 805 3280 erepta
820 3209 892 3264 esl.“
922 3206 1005 3276 Quod
1019 3205 1094 3262 idern
1110 3224 1189 3274 vero,
1206 3212 1235 3261 ut
1249 3208 1327 3278 iquo-

251 3303 301 3346 uus
320 3293 433 3364 quisque
450 3297 572 3361 tueatur,
595 3294 734 3366 praecipit
749 3293 806 3362 „ad
823 3294 971 3365 elegantius
986 3293 1120 3348 orationis
1137 3291 1326 3350 Sallustianae

248 3375 404 3444 pertinere,
429 3377 570 3446 subiecta,
590 3393 662 3450 quae
679 3378 790 3452 dicunt,
810 3380 952 3448 mutare,“
974 3376 1003 3431 id
1019 3377 1056 3432 ad
1070 3378 1209 3434 obsoletas
1227 3376 1327 3432 sordes

250 3461 447 3529 grammaticas
471 3464 609 3535 pertinet,
636 3463 736 3534 quibus
760 3463 845 3521 bodie
872 3479 954 3518 nemo
977 3464 1023 3519 vel
1044 3462 1222 3518 mediocriter
1243 3463 1327 3518 latine
1405 3531 1407 3534 ι

251 3543 349 3598 doctus
374 3545 541 3616 inquinatur.
580 3547 622 3602 Ex
645 3549 715 3619 ipsis
737 3553 830 3603 autem
852 3549 949 3604 talium
970 3548 1135 3621 ineptiarum
1155 3549 1282 3620 patronis
1303 3548 1328 3603 si

250 3643 387 3700 quaeras,
413 3630 481 3701 quid
502 3632 537 3685 sit
559 3633 691 3703 elegans,
709 3633 778 3688 nihil
800 3633 862 3689 sani
877 3633 996 3702 audies;
1025 3650 1088 3689 nam
1103 3640 1133 3688 ut
1146 3633 1269 3705 quidque
1286 3638 1329 3688 est

249 3713 372 3789 maxime
386 3715 517 3770 vitiosum
534 3722 581 3771 aut
595 3717 757 3788 absurdum,
768 3718 811 3780 ¹ita
827 3719 862 3775 iis
877 3719 994 3775 videtur.
1003 3719 1252 3790 elegantissimum.

336 3802 361 3863 S·
376 3803 420 3858 20.
450 3803 572 3872 quamuis
593 3803 699 3874 ampla)
727 3804 803 3858 llaec
819 3806 951 3876 quoniam
970 3805 1062 3859 fictam
1078 3805 1328 3876 exaggerationem

253 3876 371 3934 subiecti
392 3885 546 3953 continent,
568 3886 596 3940 in
617 3890 740 3958 quamuis
759 3903 831 3943 voce
853 3890 996 3963 primitiva
1011 3889 1087 3944 uerbi
1103 3895 1230 3963 potestas
1247 3903 1328 3960 prae·

252 3963 346 4030 valet,
368 3979 440 4034 quae
463 3966 574 4036 planius
591 3972 767 4043 intelligitur,
785 3973 808 4028 si
824 3990 876 4046 pro
896 3973 1032 4046 singulari
1045 3974 1182 4044 pluralem
1197 3975 1327 4046 posueris

252 4063 353 4118 quum
374 4051 480 4106 vultis
498 4053 607 4124 ampla
625 4063 654 4110 ut
671 4063 714 4112 est
730 4057 806 4129 apud
822 4057 880 4115 Cic
901 4059 929 4112 in
941 4059 1022 4114 Verr
1037 4058 1078 4126 V,
1092 4065 1125 4129 5,
1141 4064 1184 4119 11.
1215 4058 1328 4129 Exspe-

253 4137 324 4186 ctate
337 4131 452 4206 suanus
472 4153 574 4206 quum
595 4143 707 4196 uultis
727 4143 938 4213 improbum
954 4145 1062 4199 uncum
1076 4149 1167 4200 tamen
1181 4147 1327 4213 exspecta·

253 4216 349 4270 bouem
374 4221 500 4275 omnim
543 4223 589 4278 Ad
618 4230 712 4280 cetera
737 4233 812 4282 recte
833 4228 972 4300 capienda
994 4227 1145 4283 tenendum
1169 4231 1224 4298 est,
1244 4243 1329 4298 quum

253 4297 374 4355 Macer
369 4319 398 4357 rn
420 4307 597 4380 antegressis
618 4311 772 4366 munitatem
793 4311 943 4387 tarquitius
962 4312 1084 4370 maxime
1108 4313 1246 4386 exagitet,
1260 4327 1332 4384 quoe
