3062 4958
208 419 275 490 274
572 423 603 482 C.
626 425 798 486 SALLUSTI
820 425 933 485 cntset

212 613 374 706 dumque,
399 633 482 706 quas
509 613 552 683 ob
574 613 709 684 iniurias
727 617 760 682 et
782 613 935 705 quotiens
958 633 978 681 a
997 608 1146 702 patribus
1168 611 1294 678 armata

212 738 328 828 plebes
346 739 557 825 secessisset,
580 739 694 832 utique
714 737 862 806 uindices
887 735 1073 828 paravisset
1092 733 1200 803 omnis
1212 731 1293 800 iuris

213 863 266 931 sui
293 863 443 932 tribunos
463 862 580 955 plebei.
616 863 710 932 Nunc
735 860 858 930 hortari
887 861 986 930 modo
1005 860 1161 930 relicuum
1184 860 1236 927 est
1262 860 1325 928 eta

213 987 261 1056 ire
294 986 434 1078 primurn
465 983 536 1070 via,
569 1007 635 1076 qua
665 985 905 1076 capessundam
935 986 1075 1056 arbitror
1101 983 1292 1052 libertatern.

212 1111 327 1204 Neque
353 1133 405 1181 me
431 1109 601 1202 praeterit,
626 1113 766 1201 quantas
785 1131 868 1202 opes
892 1109 1069 1181 nobilitatis
1090 1091 1200 1195 solus,
1227 1108 1323 1182 im-3

214 1351 299 1406 menti
315 1357 373 1407 est:
390 1351 466 1406 illam
480 1352 573 1422 legem
587 1349 716 1406 omnibus
731 1349 835 1406 Italicis
850 1365 940 1421 usque
956 1349 992 1404 ad
1007 1348 1114 1406 Padum
1125 1364 1294 1423 pergravem

215 1437 318 1504 luisse,
339 1452 527 1508 magnamque
549 1435 619 1506 ipsis
641 1435 767 1490 attulisse
793 1434 952 1490 molestiam
973 1440 1054 1505 atque
1076 1433 1293 1491 incommodum.

216 1520 324 1589 Quodsi
339 1521 409 1577 haec
431 1519 588 1576 emendatio
611 1535 721 1576 summa
740 1519 933 1591 probabilitate
948 1535 1005 1574 non
1025 1527 1116 1590 caret,
1134 1521 1295 1592 Fragmentt

217 1607 296 1661 locus
312 1607 364 1660 erit
377 1611 441 1677 post
455 1605 482 1674 l,
498 1611 558 1673 la,
575 1605 621 1660 ubi
637 1611 856 1660 consentaneum
875 1611 919 1660 est
932 1603 1109 1675 Sallustium,
1125 1620 1294 1660 commemo-

214 1696 276 1746 rata
291 1692 428 1746 maiorum
450 1705 518 1744 cura
537 1705 588 1760 pro
611 1690 707 1746 Italica
730 1696 829 1761 geute,
852 1688 889 1746 de
910 1689 1055 1761 iniquitate
1078 1690 1149 1762 legis
1172 1690 1295 1745 Liciniae

215 1775 325 1830 Muciae
344 1775 539 1830 consiluisse.

298 1860 343 1914 Fr.
355 1864 398 1918 82.
414 1857 500 1926 [Cort.
517 1875 545 1929 p.
561 1860 613 1916 967
620 1861 729 1917 -978,
744 1856 819 1912 Gerl.
835 1855 883 1912 ed.
898 1859 963 1914 mai.
978 1857 1029 1925 llI,
1047 1863 1091 1916 ffi-
1106 1859 1153 1914 ed.
1167 1860 1233 1914 rnin.
1249 1859 1296 1927 111,

216 1950 242 2000 1.
258 1961 286 2015 p.
299 1949 361 2004 2⁰9.
373 1943 457 1998 Debr.
471 1944 516 2012 ΙΙΙ,
528 1946 563 2001 98
572 1943 610 2010 a.]
626 1943 703 1998 Haec
714 1943 803 1998 oratio
819 1946 910 1998 exstat
921 1943 949 1997 in
964 1941 1050 2004 codd.
1066 1942 1296 2014 Vatiec.,Ciaec.,

215 2027 309 2083 Ursin.
326 2035 354 2086 et
370 2028 496 2093 Balliol.,
520 2027 555 2082 de
578 2029 678 2098 quibus
694 2043 722 2082 v.
744 2028 836 2082 Praei.
854 2027 953 2083 Habita
969 2032 1045 2084 esta
1067 2028 1172 2084 Licinio
1188 2029 1294 2095 Macro,

215 2114 262 2182 qui
285 2131 309 2168 a.
330 2117 372 2174 73.
393 2131 419 2168 a.
444 2111 508 2168 cnr.
531 2129 558 2166 n.
581 2115 708 2170 tribunus
729 2113 820 2184 plebis
850 2110 887 2168 ad
909 2112 1108 2169 restituendam
1127 2119 1294 2186 potestatem

213 2198 388 2254 tribuniclam
406 2200 517 2270 plebem
541 2199 656 2254 incitare
682 2197 802 2266 studuit,
828 2213 900 2268 quae
921 2199 1059 2253 contentio
1077 2197 1144 2254 inde
1164 2215 1181 2254 a
1201 2197 1296 2256 Sullae

215 2289 304 2339 morte
319 2283 470 2340 nobilitatis
486 2283 667 2339 adversarios
683 2283 817 2338 exercuit.
845 2281 954 2338 Initium
972 2299 999 2338 a.
1014 2285 1058 2342 78.
1076 2283 1180 2339 iecerat
1193 2283 1230 2338 bl.
1246 2282 1296 2336 Le·

215 2367 315 2438 pidus,
334 2384 351 2423 a
366 2366 465 2423 Catulo
480 2369 636 2439 ceterisque
652 2368 828 2438 optimatibus
844 2382 1008 2438 oppressus.
1028 2367 1106 2422 ldcm
1121 2371 1224 2424 trustra
1239 2373 1297 2422 ten-

216 2457 326 2506 taverat
338 2453 368 2507 L.
385 2452 507 2508 Sicinius
524 2470 551 2508 a.
566 2454 621 2520 ta,
638 2448 722 2523 quum
736 2452 866 2523 proximo
882 2468 955 2507 anno
973 2453 1072 2508 consul
1088 2451 1119 2508 G.
1134 2451 1214 2508 Cotta
1231 2454 1296 2524 lege
1337 2464 1340 2470 ·

217 2535 274 2590 lata
290 2535 407 2591 tribunis
426 2537 518 2608 plebis
532 2553 631 2592 rursus
649 2536 756 2607 aliquid
770 2535 913 2608 dignitatis
928 2535 1047 2592 addidit.
1065 2538 1148 2594 Anno
1162 2543 1228 2609 post
1239 2539 1296 2606 (74.

217 2636 242 2674 a.
259 2617 337 2688 cnr.)
352 2621 383 2674 L.
399 2620 529 2688 Quintius
544 2626 661 2676 conatus
687 2627 730 2676 est
750 2621 811 2676 iura
832 2621 1005 2677 tribunorum
1027 2622 1117 2692 plebis
1139 2623 1296 2688 restituere,
1347 2627 1349 2634 “

217 2703 399 2760 vehementer
413 2706 553 2761 obnitente
569 2706 598 2762 L.
615 2705 746 2776 Lucullo,
759 2706 804 2760 cui
820 2706 866 2760 ille
880 2712 1022 2777 postremo
1039 2711 1131 2762 umen
1147 2707 1297 2762 concessit.

215 2786 324 2844 Deinde
340 2805 425 2861 quum
440 2790 567 2846 nonnulli
583 2790 630 2845 alii
645 2790 765 2846 eandem
782 2807 842 2845 rem
858 2792 919 2847 sine
936 2807 1072 2847 successu
1087 2793 1250 2864 agitassent,
1267 2789 1298 2846 C.

216 2873 340 2930 Licinius
355 2876 451 2930 Macer
464 2877 582 2944 exstitit,
599 2883 626 2932 et
641 2876 777 2932 acerrime
792 2877 821 2930 in
843 2883 970 2932 senatum
993 2882 1020 2931 et
1039 2889 1147 2949 paucos
1169 2882 1297 2947 potentes

205 2958 361 3029 invectus,
380 2962 494 3033 quoius
516 2978 532 3016 a
553 2959 632 3018 Sulla
647 2967 773 3034 ereptum
788 2977 887 3017 rursus
907 2966 1120 3032 extorquerent,
1135 2962 1211 3033 plebi
1234 2977 1298 3016 sua-

218 3044 272 3112 sit,
287 3050 316 3100 ut
330 3046 455 3102 militiam
472 3046 671 3118 detrectarent,
686 3062 779 3118 neque
795 3061 911 3117 operam
927 3061 1007 3100 suam
1019 3046 1143 3117 patriciis
1161 3044 1197 3101 ad
1213 3047 1298 3100 ullam

218 3145 278 3184 rem
293 3131 513 3188 commodarent.
539 3130 598 3189 Sed
617 3147 702 3202 quum
722 3136 837 3186 senatus
852 3131 947 3202 paullo
961 3136 1024 3187 ante
1046 3131 1108 3202 lege
1125 3130 1254 3186 Terentia
1271 3135 1298 3182 et

219 3213 318 3270 Cassia
333 3217 513 3272 frumentaria
529 3218 572 3285 (v.
588 3216 659 3270 intra
680 3213 717 3269 ad
736 3219 763 3279 S.
785 3216 841 3282 rs.)
864 3216 976 3286 plebem
998 3215 1170 3286 aliquantum
1191 3213 1299 3269 demul-

219 3302 320 3368 sisset,
348 3307 375 3356 et
398 3301 538 3372 quaedam
559 3300 595 3354 de
616 3296 788 3354 restituenda
813 3299 960 3356 tribunicia
979 3305 1117 3371 potestate
1138 3301 1299 3372 promittere

218 3382 377 3452 videretur,
394 3400 429 3438 ne
444 3391 501 3441 turn
516 3382 630 3454 quidem
645 3382 777 3452 Licinius,
793 3383 869 3456 quod
884 3385 986 3454 voluit,
1002 3385 1114 3440 allicere
1129 3385 1228 3456 potuit,
1242 3388 1300 3439 tota

218 3483 250 3520 re
266 3469 295 3522 in
308 3469 434 3538 Pompeii
449 3468 624 3524 consulatum
637 3472 788 3540 protracta.
806 3499 840 3508 —
857 3469 898 3524 De
918 3469 1007 3525 Macri
1027 3470 1149 3525 oratoria
1169 3470 1299 3524 facultate

218 3552 256 3605 ct.
273 3551 331 3607 Cic.
348 3553 426 3606 Brut.
442 3570 467 3607 c.
482 3555 516 3612 67
526 3595 534 3620 ,
544 3555 606 3612 138.
636 3552 698 3608 Non
713 3554 946 3624 mutabundum,
961 3571 1016 3609 non
1031 3557 1111 3628 ticeps
1124 3561 1230 3624 tomas,
1245 3567 1300 3607 non

219 3637 299 3690 valde
317 3638 422 3707 mens,
446 3653 502 3692 non
517 3639 605 3708 plone
619 3637 735 3693 horrida
755 3641 861 3702 cratia·
881 3655 953 3708 cca,
974 3645 1066 3711 pessis
1083 3646 1110 3694 et
1127 3640 1214 3695 omma
1228 3638 1299 3692 actio

218 3722 278 3775 stne
292 3722 401 3792 tepora·
414 3727 445 3775 at
458 3723 625 3777 inveniendis
638 3724 885 3796 componendisque
905 3723 988 3779 rebus
1008 3725 1080 3779 mira
1101 3724 1256 3791 ccwrotio,
1270 3725 1301 3776 ut

221 3820 277 3859 non
289 3805 375 3878 focile
393 3807 423 3860 in
440 3807 494 3862 ullo
510 3808 704 3878 diliycntiorcm
723 3811 908 3880 maioremque
922 3810 1107 3880 copnoverim,
1131 3808 1181 3864 aed
1196 3821 1258 3862 eam
1270 3809 1301 3859 ut

222 3891 301 3946 cilico
319 3892 511 3946 veteratorium
531 3909 613 3964 quom
633 3896 785 3949 materiam
804 3893 921 3948 diceres.
957 3892 1013 3948 Hic
1035 3895 1115 3949 etiam
1137 3895 1166 3947 in
1182 3889 1302 3964 publicis

223 3978 315 4030 causas
327 3975 514 4046 probabatur,
530 3984 621 4033 mmcn
634 3980 663 4033 in
672 3980 793 4050 privatas
805 3979 981 4034 illustriorem
994 3975 1129 4034 oblatrabat
1145 3979 1242 4032 locam

308 4063 334 4124 S·
349 4066 373 4120 1.
388 4059 421 4116 Sl
429 4077 535 4133 pamm
548 4058 764 4131 exastumcrclis)
770 4063 847 4118 Haec
859 4061 954 4117 laudat
964 4061 1063 4118 Donat.
1074 4062 1110 4119 ad
1118 4061 1302 4116 Ter.Phorrn.

222 4142 242 4212 l,
259 4151 284 4212 l,
301 4151 344 4204 11.
359 4147 528 4203 emstumcre
539 4147 637 4204 dicens
651 4164 702 4219 pro
717 4155 874 4203 aestumare
887 4147 1018 4220 positum,
1035 4146 1223 4219 quodfalsum
1237 4157 1303 4199 esse

222 4229 398 4287 ostendimus
417 4231 454 4286 ad
470 4231 548 4288 Catil.
561 4251 585 4289 c.
601 4233 678 4302 VllI,
695 4238 722 4290 L.
735 4249 764 4304 p.
782 4236 830 4292 43:
844 4238 871 4286 et
889 4231 926 4287 ad
940 4232 1001 4304 lug.
1017 4248 1042 4287 c.
1057 4231 1198 4298 LXXXV,
1216 4233 1257 4288 14.
1272 4245 1302 4298 p.

221 4317 282 4373 451.
300 4315 408 4372 Sensus
422 4316 469 4372 hic
486 4325 543 4374 est:
562 4319 585 4373 si
602 4334 702 4390 parum
717 4319 826 4373 sciretis
842 4333 875 4371 ac
891 4316 1074 4384 iudicaretis;
1098 4317 1175 4383 sive,
1192 4317 1216 4370 si
1232 4313 1305 4368 iudi·
