3096 4962
235 403 339 452 XXXII
528 391 699 475 EDITORIS
728 391 904 452 EPISTOLA·
926 391 1069 451 cnincn

233 585 398 641 contentus
421 595 475 640 ero
495 575 542 652 iis,
568 595 648 656 quae
664 595 761 656 supra
783 579 822 640 de
844 594 908 640 uno
932 579 1051 654 genere
1065 575 1174 653 posui,
1197 575 1360 652 dicamque

233 681 369 743 breuiter
391 688 423 742 et
444 681 607 756 uniuersa,
637 683 737 761 qualis
765 664 864 746 omnis
887 679 938 741 illa
961 697 1059 757 opera
1092 677 1148 753 sit3
1187 677 1364 740 testimonia

234 786 368 846 sortasse
388 784 484 857 dabo,
510 784 537 845 si
560 783 629 862 quis
653 784 787 846 extiterit
808 785 971 858 defensor,
996 781 1142 858 quoniam
1174 781 1267 842 uideo
1302 797 1363 842 non

234 885 388 961 defuisse,
411 885 464 962 qui
484 884 638 950 summum
661 887 760 948 uirum
785 894 815 948 et
848 885 1052 947 inmortaliter
1074 885 1114 946 de
1134 883 1282 946 Cicerone
1305 901 1365 944 me-

233 987 323 1048 ritum
346 987 527 1050 uindicaret.
571 991 633 1051 Sed
652 991 702 1052 liic
722 1007 852 1050 summus
873 992 923 1050 uir
942 993 1123 1066 saepissume
1150 992 1181 1050 in
1209 989 1366 1048 notbsumo

231 1091 389 1151 nerbmum
409 1109 464 1152 usn
483 1101 512 1153 et
536 1097 676 1154 iunctura
691 1095 850 1170 pueriliter
863 1099 963 1163 errat·
983 1095 1011 1152 si
1030 1109 1089 1168 aaa
1109 1099 1136 1152 st
1156 1097 1234 1152 mota
1252 1086 1365 1149 dubita-

233 1196 280 1267 tio,
300 1193 553 1270 serenumpuam
575 1199 644 1270 seit,
670 1195 744 1270 qaid
761 1201 881 1269 apatur,
903 1211 996 1270 neque
1018 1211 1082 1256 rem
1103 1194 1149 1254 ad·
1162 1193 1365 1268 quaerendum
1459 1221 1462 1226 Δ

227 1298 413 1372 propositam
434 1305 530 1358 mente
549 1301 693 1375 concipit·
714 1313 800 1372 quan
820 1297 857 1358 tie
874 1299 1007 1358 oratione
1031 1300 1194 1372 poenitur,
1216 1296 1245 1354 si
1264 1296 1295 1354 in
1315 1296 1365 1354 in-

233 1401 434 1473 terropatt'uae
459 1405 620 1462 sententiae
648 1402 735 1462 motio
758 1401 908 1472 iamemr,
930 1401 980 1460 ilie
1008 1400 1046 1460 de
1074 1401 1203 1460 relatiua
1226 1397 1321 1471 dicit,
1340 1399 1368 1456 si

231 1503 262 1560 in
283 1504 512 1578 praepositionis
534 1506 574 1576 ui,
598 1506 702 1565 iliade
722 1511 756 1563 et
776 1495 876 1562 aliaue
894 1504 1070 1577 partirulo,·
1092 1500 1275 1563 alterumue
1290 1501 1365 1559 notis

231 1604 320 1663 rebus
340 1603 499 1676 obseruata
520 1608 595 1667 mire
614 1598 816 1683 peruertendo
839 1608 1021 1680 corrumpet,-
1047 1621 1132 1681 quom
1153 1605 1293 1680 exempla
1315 1603 1364 1662 de-

231 1707 418 1780 siderantur,
445 1709 510 1782 ipse
532 1711 628 1782 mapis
653 1707 791 1788 inaudita
814 1707 914 1781 papia,
946 1710 1010 1768 siue
1033 1709 1151 1770 Graeca
1166 1707 1285 1782 placuit
1303 1707 1366 1764 siue

231 1807 358 1879 Latina·
379 1813 552 1870 sententiam
577 1811 726 1872 Ciceronis
748 1812 790 1869 ita
806 1812 1006 1886 persequitur,
1030 1819 1063 1872 ut
1077 1827 1168 1888 saepe
1187 1825 1268 1884 eum,
1290 1824 1367 1883 quae

226 1910 349 1984 probet,
383 1913 558 1989 inprobare,
591 1893 796 1990 penencourt,
831 1911 1010 2000 adfirmare,
1043 1921 1149 1978 narret
1182 1914 1367 1987 omniumque

232 2014 459 2088 disciplinarum
488 2017 610 2078 armeta
636 2017 774 2089 misceat,
806 2031 864 2074 non
889 2032 964 2076 raro
990 2023 1089 2077 autem
1120 2016 1295 2078 rnamenta
1323 2017 1365 2073 ita

232 2119 329 2176 ornnin
351 2117 524 2194 confundit,
546 2121 690 2180 notionem
712 2121 825 2178 nullam
848 2109 949 2179 tenens
962 2125 991 2179 et
1007 2121 1088 2179 intra
1109 2119 1235 2180 eundem
1254 2115 1365 2176 uerio-

230 2239 297 2281 rum
319 2223 458 2283 nmbitum
480 2223 521 2309 in?
533 2225 595 2296 nne
615 2225 681 2283 initi
705 2223 893 2297 obliuiscens,
924 2232 956 2282 ut
977 2225 1031 2283 uix
1052 2225 1230 2284 timentem
1253 2221 1365 2280 eonsti-

231 2328 298 2384 tisse
319 2325 437 2385 credas.
482 2324 576 2400 Atque
597 2327 674 2386 baec
697 2327 796 2386 amnia
817 2335 946 2386 exunat
964 2327 1070 2401 ubique
1087 2327 1269 2401 turpissuma
1291 2339 1365 2382 uer-
1430 2356 1432 2361 ·

231 2426 334 2486 borum
354 2427 498 2486 barbaria
519 2435 548 2486 et
568 2427 803 2488 soloecismorum
821 2427 995 2499 foeditate.“
1040 2427 1163 2488 Dudum
1179 2421 1365 2514 intellexisti,

232 2525 273 2585 mi
299 2526 559 2600 Wuestemanne‚
593 2527 646 2603 qui
672 2529 749 2590 haec
777 2529 941 2602 scriberet,
970 2527 1129 2590 Nicolaum
1156 2525 1365 2615 esseMadvi-

232 2625 407 2706 gium‚'qui
426 2630 464 2689 ab
487 2646 525 2690 eo
548 2636 724 2705 notaretur,
748 2631 969 2704 Goerenzium3
1001 2631 1154 2692 substitue
1176 2629 1246 2690 iam·
1261 2629 1292 2690 in
1312 2629 1364 2689 hu-

231 2729 279 2792 ius
308 2734 411 2793 iocum
440 2731 648 2806 Gerlachium‚
680 2749 716 2792 aa
740 2751 799 2810 pro
821 2732 969 2796 Cicerone
996 2751 1080 2812 poue
1109 2732 1304 2806 Sallustium,
1336 2737 1367 2792 et

231 2833 360 2895 habebis
384 2835 501 2908 omnia,
526 2853 606 2912 quae
628 2837 754 2910 planum
777 2835 905 2909 iaciant,
935 2838 1034 2915 qualis
1062 2835 1190 2898 editoris
1211 2834 1366 2895 Basileon-

232 2935 276 2996 sis
298 2937 390 2998 luerit
411 2955 514 3015 opera
535 2938 567 3000 in
587 2937 779 3014 Fragmentis
802 2939 995 3004 Sallustianis
1027 2939 1230 3004 emendandis
1251 2937 1364 3016 posita.
1434 2993 1436 2996 .

233 3041 425 3118 Quamquam
449 3041 640 3107 Goerenzius
660 3059 737 3122 prae
761 3041 923 3107 Gerlachio
948 3043 1080 3128 eximius
1103 3053 1151 3107 est
1170 3041 1365 3120 philologum

234 3160 305 3205 nam
328 3144 400 3206 licet
424 3163 536 3224 magna
558 3145 639 3208 inter
663 3163 719 3208 eos
751 3146 923 3208 intercedat
946 3147 1128 3222 similitudo,
1152 3158 1252 3208 tamen
1280 3152 1366 3204 tanta

118 3247 120 3251 ’
233 3255 281 3308 est
302 3245 333 3308 in
354 3255 462 3318 nostro
485 3249 607 3312 inscitia
633 3252 664 3308 et
682 3235 913 3310 notissimarum
936 3265 1040 3312 rerum
1065 3249 1253 3327 ignorantia,
1283 3255 1423 3334 tanta.
1537 3311 1538 3326 ,

233 3351 264 3411 in
286 3350 452 3412 iudicando
476 3351 586 3412 levitas
609 3356 640 3410 et
660 3348 821 3426 imperitia,
843 3357 929 3438 tanta
952 3352 983 3414 in
995 3339 1163 3415 afferendis
1179 3350 1364 3414 testimoniis

233 3453 383 3536 mentitio,
399 3459 485 3515 tanta
502 3453 636 3529 denique
648 3451 769 3514 vanitas
789 3459 820 3513 et
835 3455 1022 3532 arrogantia,
1039 3463 1082 3530 ut,
1099 3471 1179 3533 quae
1187 3453 1261 3514 vitia
1275 3451 1366 3515 huius

234 3555 359 3632 generis
382 3555 413 3616 iu
435 3555 488 3618 illo
509 3558 560 3617 vel
582 3555 685 3632 aliqua
708 3561 830 3630 essent,
855 3560 905 3618 vel
927 3560 1006 3620 adeo
1028 3575 1148 3636 magna,
1170 3558 1201 3620 in
1223 3558 1284 3618 hoc
1306 3555 1367 3617 sint

235 3660 327 3735 longe
355 3657 488 3719 maxima
516 3665 547 3719 et
580 3673 711 3735 prorsus
743 3657 931 3733 importuna.
966 3663 1082 3741 ,Neque
1104 3664 1166 3725 hoc
1186 3660 1296 3722 mirum
1319 3664 1368 3719 est

233 3761 265 3823 in
287 3759 421 3836 honrine,
441 3760 502 3839 qui,
524 3778 619 3838 quum
641 3766 738 3822 artem
753 3759 954 3838 profiteatur,
977 3781 1058 3842 quae
1079 3763 1194 3826 iustum
1217 3770 1248 3823 et
1263 3779 1365 3824 acrem

235 3863 364 3926 rationis
394 3881 486 3925 usum
519 3866 673 3942 postulat,
710 3864 826 3942 ubique
865 3865 932 3927 eius
970 3883 1124 3929 summum
1153 3884 1188 3927 se
1222 3852 1367 3928 asterium

236 3972 491 4045 contemptorem,
515 3983 618 4044 neque
637 3966 697 4028 alia
719 3984 753 4028 re
775 3965 806 4028 in
829 3969 1000 4032 tractandis
1021 3969 1129 4031 litteris
1147 3985 1239 4046 quam
1259 3983 1366 4044 super-

236 4069 357 4132 stitiosa
376 4070 447 4146 fide,
471 4069 601 4133 aliorum
625 4069 823 4149 opinionibus
846 4070 959 4150 habita,
982 4073 1103 4134 nitatur.
1135 4070 1224 4148 Quod
1241 4085 1280 4130 ne
1296 4083 1365 4128 eum

236 4173 433 4236 insimulasse
452 4173 567 4250 videar,
589 4180 714 4251 praeter
729 4176 824 4236 multa
845 4177 988 4252 exempla
1009 4175 1040 4237 in
1064 4171 1292 4236 commentariis
1313 4185 1366 4230 no·

235 4283 314 4352 lata,
336 4276 512 4340 testimonio
535 4276 604 4352 sint,
630 4295 710 4354 quae
730 4280 802 4340 Vol.
819 4279 867 4338 lll.
887 4296 919 4355 p.
934 4275 1005 4338 330.
1025 4275 1164 4352 scripsit:
1187 4276 1252 4336 llac
1270 4273 1365 4347 diffe-

235 4389 307 4443 runt
327 4383 443 4458 antiqui
457 4382 685 4457 prammatieia
708 4383 865 4456 iuniorum,
887 4382 939 4457 qui
958 4381 1024 4441 ilios
1044 4379 1225 4456 contemptui
1247 4377 1364 4450 natent,
