3102 4956
212 342 275 407 734
422 399 424 404 .
590 350 621 407 C.
646 351 819 412 SALLUSTI
842 353 955 412 cursat

694 567 760 621 One.
782 573 825 622 111.
884 594 885 602 ¹

280 673 375 722 Bellum
391 673 582 724 Macedonicum
603 674 679 724 ditatu
698 674 816 726 Curionis
841 691 943 744 procos.
970 683 1082 743 gestum.
1101 705 1135 714 -
1154 675 1297 744 Descriptio

211 764 322 814 Danubii
341 773 364 815 et
382 763 575 818 Gerasenorum.
681 805 682 808 ¹
737 795 740 802 ›

678 930 822 942 -κ-

312 1047 363 1112 54.
400 1042 515 1136 Atque
537 1065 612 1113 cum
629 1043 728 1114 Curio
750 1045 918 1115 laudatum
938 1067 1180 1142 accensumque
1195 1067 1297 1138 prae·-

211 1165 350 1236 miorum
377 1190 452 1259 spe,
475 1171 669 1263 quibuscum
693 1170 892 1262 optavisset,
916 1171 964 1242 ire
991 1171 1089 1244 iubet.

208 1373 328 1445 fecundo
350 1378 437 1444 muri,
458 1378 522 1447 quia
550 1379 590 1432 cis
606 1378 727 1448 piscium
742 1378 874 1432 immensu
889 1378 1007 1434 Poamm
1024 1391 1172 1449 erumpens
1191 1382 1216 1434 ei
1230 1375 1294 1432 obli-

208 1460 269 1530 quis
288 1459 381 1514 subter
391 1461 482 1515 555155
495 1464 575 1518 saccas
594 1463 729 1518 exterrita
745 1463 843 1517 5551555
856 1464 970 1520 atauus
990 1465 1077 1518 litoris
1093 1464 1174 1534 flexu
1187 1461 1238 1518 bos
1259 1461 1297 1515 nd

202 1549 304 1614 portate
322 1545 463 1617 desertum·
478 1547 551 1602 uude
567 1549 662 1618 priano
677 1549 836 1618 quaestuosi
851 1554 877 1602 et
889 1549 1021 1619 opulenti.
1042 1549 1089 1604 ubi
1108 1563 1137 1602 v.
1152 1546 1295 1602 Orellium.

208 1628 305 1684 Paullo
332 1630 411 1684 aliter
434 1635 462 1684 et
487 1633 579 1686 minus
596 1637 728 1689 accurate
744 1630 836 1686 Amm.
853 1632 979 1688 Marcell.
1001 1631 1215 1702 1111115555.
1258 1629 1295 1686 ia

207 1719 313 1768 coustut
326 1714 361 1768 ob
378 1716 477 1769 ultime
492 1717 580 1771 555151
600 1715 702 1787 finibus
723 1717 810 1770 maris
825 1719 982 1790 uqminatim
1002 1718 1041 1774 ud
1061 1717 1136 1773 bunc
1158 1730 1295 1772 secessum

96 1795 97 1798 ’
203 1799 339 1869 pariendi
355 1801 448 1870 prolia
466 1806 562 1870 petere
574 1803 683 1872 pisces,
705 1807 735 1855 ut
755 1816 893 1871 uquarum
915 1804 1048 1858 5555511515
1067 1803 1206 1858 salubrius
1221 1800 1295 1872 fetus

207 1882 335 1954 educunt,
357 1885 386 1938 iu
400 1887 582 1955 receptaculis
596 1888 680 1955 55515,
696 1900 768 1956 quoe
783 1893 847 1942 5551
863 1887 901 1942 ibi
920 1888 1091 1958 densissimu,
1104 1889 1198 1942 secturi
1213 1902 1295 1943 uora-

206 1968 278 2022 51551
290 1967 452 2024 belluarum.
512 2013 514 2017 ,

291 2053 336 2108 Fr.
352 2057 396 2110 be.
411 2052 496 2123 [Cort.
512 2071 541 2124 p.
554 2057 614 2113 979.
631 2055 705 2111 Gerl.
722 2055 769 2110 ed.
784 2055 851 2110 mai.
869 2055 913 2124 111,
929 2061 973 2116 55.
995 2055 1041 2112 ed.
1063 2057 1129 2112 min.
1145 2055 1190 2123 lIl,
1205 2045 1250 2114 25.
1265 2074 1294 2128 p.

206 2139 267 2206 217,
285 2144 312 2196 2.
342 2139 426 2195 Debr.
441 2140 488 2208 Ill,
505 2141 578 2209 111.]
622 2141 831 2213 Fragmentum,
854 2140 931 2212 quod
948 2142 1021 2198 Non.
1038 2141 1086 2210 lV,
1106 2145 1169 2201 334.
1186 2157 1214 2212 p.
1229 2145 1293 2208 358,

206 2227 248 2282 14.
261 2224 551 2292 11155555555555511,
568 2242 619 2296 per
634 2243 666 2282 55
682 2227 751 2282 55115
764 2227 915 2282 obscurum
926 2225 983 2282 hoe
997 2232 1073 2284 certe
1087 2227 1293 2298 prohetatam

205 2311 283 2365 tertio
306 2309 376 2366 libro
400 2309 436 2364 de
461 2309 590 2366 Curionis
600 2315 695 2368 uebus
719 2311 807 2385 gestis
824 2311 853 2366 in
869 2311 1039 2367 Macedonia
1065 2319 1092 2366 ct
1113 2312 1293 2368 conterminis

204 2395 320 2451 tareisa
336 2393 469 2451 Sallustio
488 2395 591 2450 dictum
604 2397 703 2452 fuisse.
735 2389 818 2452 Curio
834 2402 927 2452 autern
940 2414 1025 2468 quum
1041 2413 1067 2452 a.
1084 2398 1128 2456 75.
1146 2414 1172 2452 a.
1187 2395 1250 2452 Chr.
1263 2415 1290 2452 n.

205 2481 234 2536 in
246 2481 423 2550 provinciam
447 2480 563 2535 abiisset
583 2481 625 2547 (v.
645 2481 794 2549 551511,
813 2482 881 2550 41.),
903 2483 1048 2553 probabile
1070 2488 1122 2552 est,
1143 2497 1215 2553 quae
1237 2482 1292 2538 hoc

205 2565 275 2620 libro
293 2563 329 2619 de
345 2580 380 2618 eo
395 2570 508 2619 narrata
522 2570 596 2632 5551,
614 2565 650 2620 ad
666 2565 853 2636 diusimperii
869 2583 972 2622 annum
990 2570 1109 2634 tertium,
1125 2568 1144 2630 i.
1161 2583 1186 2636 e,
1203 2569 1249 2626 73.
1263 2585 1291 2622 a.

206 2649 269 2705 Chr.
286 2665 325 2716 n.,
341 2649 523 2720 pertinuisse.
569 2649 651 2718 Quod
666 2649 703 2706 ad
721 2652 871 2706 verborum
887 2668 1002 2712 sensum
1020 2653 1125 2725 attinet,
1141 2651 1210 2708 nibil
1229 2669 1289 2708 am-

204 2735 279 2808 plius
295 2739 388 2805 potest
402 2733 514 2801 coniiei,
531 2750 615 2804 quam
628 2736 743 2790 militem
758 2736 889 2807 aliquem,
904 2737 963 2807 qui,
976 2737 1117 2808 quomodo
1135 2738 1228 2808 aliqua
1244 2755 1290 2794 555

205 2820 358 2875 admodum
371 2818 463 2874 ardua
484 2835 548 2874 cum
571 2835 680 2876 summo
696 2819 887 2878 Romanorum
907 2823 1094 2878 emolumento
1115 2829 1214 2894 posset
1227 2839 1291 2893 per»

204 2907 261 2974 tici,
279 2907 325 2960 vel
340 2905 496 2961 invenisset
510 2921 594 2972 casu,
617 2907 663 2960 vel
680 2905 815 2963 audacter
835 2908 996 2979 speculatus
1012 2914 1103 2976 esset,
1127 2907 1157 2962 id
1171 2908 1292 2978 impera-

204 2992 430 3059 annuntiasse,
454 3007 545 3062 quern,
559 3006 593 3044 eo
611 2992 707 3047 nuntio
729 2991 814 3049 valde
833 2993 975 3060 laetatum,
991 2992 1068 3048 ilium
1087 2993 1243 3066 impulisse,
1263 2999 1291 3048 ut

204 3077 357 3150 assumptis
379 3075 465 3132 sociis
486 3077 533 3132 vel
556 3077 646 3132 visam
670 3093 729 3132 rem
752 3077 912 3133 accuratius
932 3079 1106 3148 exploraret,
1133 3080 1178 3136 vel
1195 3077 1291 3134 audax

204 3165 312 3220 lacinus
328 3168 440 3218 strenue
456 3169 668 3233 exsequeretur.
712 3163 904 3230 Debrossium,
925 3164 972 3233 qui
989 3163 1128 3218 divinavit
1147 3165 1225 3218 illum
1240 3163 1290 3220 mi-

203 3252 279 3306 litem
302 3249 433 3320 Ligurem
456 3248 561 3314 luisse,
585 3247 636 3315 (de
662 3263 716 3318 quo
740 3254 783 3302 551
799 3248 846 3302 Fr.
861 3248 918 3302 155.
933 3242 995 3320 aa)
1023 3237 1238 3320 qui'transitum
1261 3250 1289 3304 in

205 3341 297 3390 monte
314 3333 389 3388 Bora
404 3332 551 3400 invenerit,
575 3332 741 3388 Gerlachius
756 3333 822 3387 Vol.
834 3333 878 3388 111.
897 3349 927 3404 p.
943 3339 1006 3392 102.
1023 3339 1050 3388 51
1066 3351 1095 3405 p.
1111 3337 1172 3393 131.
1188 3336 1289 3390 summi

204 3419 341 3476 acuminis
360 3415 444 3471 laude
468 3421 585 3486 mactat3
609 3419 700 3484 nobis,
724 3419 918 3474 auctoritatem
941 3417 1086 3474 Ciceronis
1106 3419 1142 3474 de
1157 3418 1234 3474 Orat.
1255 3419 1288 3486 ll,

204 3510 230 3572 4,
248 3505 291 3562 17.
307 3502 505 3572 sequentibus,
523 3503 634 3574 ineptus
655 3503 775 3561 videtur.
799 3535 840 3544 -·
864 3501 993 3560 Ceterum
1011 3511 1139 3574 corrupte
1162 3504 1191 3558 in
1206 3505 1289 3560 Nonii

205 3587 290 3644 eodd.
317 3587 402 3658 Cupio
418 3592 461 3641 est
480 3604 535 3658 pro
549 3589 639 3656 Curio,
657 3589 733 3660 quod
748 3605 850 3644 nomen
864 3588 981 3644 feliciter
998 3589 1117 3645 restituit
1133 3589 1246 3660 Lipsius
1261 3590 1292 3644 15

204 3674 318 3743 Antiqq.
334 3671 420 3726 Leott.
436 3672 469 3726 ll.
486 3691 511 3728 5.
527 3677 553 3730 l.
581 3703 617 3713 —-
653 3675 756 3746 Optare
772 3673 880 3728 Nonius
902 3679 977 3728 recte
1001 3675 1122 3745 explieat
1139 3675 1253 3746 ela'qere,
1272 3693 1291 3732 a

205 3775 260 3830 qua
274 3758 351 3812 verbi
365 3762 501 3830 potestate
519 3758 631 3815 ductum
653 3765 695 3814 551
713 3759 1027 3830 55551515555555155
1049 3761 1085 3814 cl.
1105 3760 1166 3816 Liv.
1183 3760 1229 3828 Vl,
1244 3763 1290 3828 25,

204 3852 231 3903 5.
261 3843 405 3912 Camillus,
419 3845 567 3914 55515555,
586 3849 617 3898 ut
630 3859 668 3900 55
682 3844 790 3914 colleqis
804 3838 964 3914 opturet,
986 3859 1065 3916 quem
1079 3846 1170 3911 551151,
1192 3851 1291 3900 coebo

203 3944 281 4001 spem
292 3930 411 3984 omnium
426 3928 459 3982 L.
476 3929 595 3984 Furium
610 3933 670 4000 opt
676 3930 735 3984 uui
740 3934 750 3982 t
755 3951 764 3990 ,·
785 3935 812 3982 et
830 3945 856 3986 v.
870 3929 1080 3984 Drakenborch.
1098 3930 1136 3986 ad
1149 3929 1232 3997 XLll,
1246 3933 1291 4000 es,

206 4021 230 4073 1.
260 4015 291 4069 ln
306 4013 360 4069 boc
377 4031 462 4068 sensu
484 4019 609 4084 apertum
628 4020 669 4068 est
689 4012 847 4085 quibuscum
866 4016 1012 4086 optavisset
1031 4031 1082 4086 per
1098 4015 1290 4078 annectionem

207 4099 311 4156 dictum
333 4115 397 4155 esse
414 4114 466 4170 pro
481 4100 595 4168 cum-tiu,
614 4114 682 4170 quos
698 4101 851 4170 optavisset,
870 4115 942 4170 quae
958 4099 1071 4155 dicendi
1094 4101 1175 4167 ratio,
1198 4105 1227 4154 ut
1248 4117 1291 4156 rc-

205 4185 321 4240 iativum
336 4184 539 4256 praepositioni
565 4184 711 4255 iungatur,
742 4201 779 4239 cx
805 4201 860 4256 qua
887 4185 1138 4242 demonstrativum
1165 4185 1291 4256 pendere

207 4270 344 4337 debebat,
372 4268 449 4342 apud
472 4269 585 4324 Latinos
615 4270 704 4326 rarior
732 4269 845 4344 quidem
870 4275 930 4340 est,
957 4269 1010 4326 sed
1033 4285 1090 4326 non
1105 4287 1229 4341 prorsus
1251 4273 1294 4326 in-
