3102 4956
217 373 288 442 250
586 374 615 433 G.
636 371 809 433 SALLUSTI
831 371 944 433 cursil

224 572 317 663 parte
347 561 483 638 militum
514 563 680 634 auctumni
708 563 890 655 gravitate,
922 584 1030 655 neque
1064 583 1108 632 ex
1137 563 1306 653 postrema

222 698 321 787 luga,
354 713 454 785 quum
488 712 607 759 severo
642 687 748 758 edicto
784 689 987 772 iuberentur,
1023 687 1100 757 uilis
1120 687 1175 780 ‚ad
1207 685 1305 778 signa

222 818 451 901 redeuntibus,
475 818 508 884 et
534 814 590 908 qui
612 812 723 884 relicui
740 817 848 900 erant,
871 836 931 907 per
951 835 1079 884 summa
1096 811 1222 907 flagitia
1242 811 1305 886 de·
1407 884 1412 890 ,

223 1062 303 1119 tibris.
331 1059 371 1113 De
387 1075 442 1114 usu
457 1056 621 1128 antiquioris
637 1055 743 1110 formae
759 1054 930 1123 detractare,
947 1055 975 1108 in
991 1054 1075 1109 codd.
1098 1071 1184 1126 saepe
1205 1056 1305 1110 obscu-

226 1152 320 1217 ratae,
341 1163 369 1201 v.
385 1141 598 1199 Drakenborch.
620 1139 658 1196 ad
679 1140 740 1194 Liv.
762 1136 894 1208 XXXVI,
916 1144 962 1206 15,
986 1143 1012 1198 9.
1035 1140 1166 1195 Garaton.
1188 1139 1224 1194 ad
1247 1139 1305 1196 Cic.

224 1231 345 1301 Philipp.
361 1228 442 1295 X1V‚
459 1231 500 1286 14.
518 1228 582 1281 Vol.
599 1226 633 1281 ll.
654 1241 684 1296 p.
705 1223 830 1282 181101.
848 1223 1000 1292 Wecusd,
1015 1231 1044 1277 et
1067 1239 1138 1296 quac
1159 1225 1306 1280 annotavi-

224 1333 287 1371 mus
302 1313 340 1369 ad
354 1314 413 1385 lug.
437 1328 463 1366 c.
484 1308 598 1381 t111,a.
618 1327 647 1382 p.
667 1312 728 1368 294·
749 1337 791 1347 -
813 1310 866 1363 Pro
888 1308 918 1365 0.
937 1307 1121 1374 stornatum,
1140 1314 1169 1364 ut
1189 1309 1217 1363 in
1241 1309 1305 1364 cod.

225 1401 289 1454 Val.
304 1406 362 1466 est,
379 1396 543 1453 Gerlachius
558 1395 586 1449 in
603 1395 650 1450 ed.
666 1396 732 1449 min.
747 1394 874 1464 imperite
890 1397 917 1448 et
931 1409 1004 1448 vana
1018 1394 1187 1462 miserabilis
1204 1393 1306 1448 doctri-

209 1501 277 1562 nae
292 1483 476 1539 ostentatione
494 1481 606 1552 scripsit
622 1481 656 1536 G.
676 1479 860 1540 Thoraniam5
875 1477 980 1534 scilicet
995 1495 1079 1550 quurn
1092 1477 1222 1534 alicunde
1238 1479 1306 1533 arri·

224 1571 333 1642 puisset
350 1569 448 1624 aarum
466 1566 564 1634 scribi,
581 1581 637 1620 non
653 1565 762 1632 Caram,
779 1570 870 1618 tamen
886 1564 1028 1636 ignoravit
1044 1565 1107 1619 Gaii
1121 1563 1240 1618 nominis
1257 1580 1306 1618 no·

224 1662 280 1709 tarn
296 1655 358 1709 sive
374 1650 572 1722 compendium
587 1648 608 1706 C
623 1666 703 1716 esse,
724 1665 780 1702 non
795 1648 827 1702 G.
842 1649 880 1704 cl.
897 1648 1009 1716 Quintil.
1029 1645 1056 1714 l,
1079 1652 1110 1716 7,
1131 1651 1174 1707 18.
1191 1648 1306 1705 Schnei-

225 1739 285 1793 deri
298 1739 418 1793 Gramm.
434 1738 481 1791 lat.
497 1736 560 1790 Vol.
576 1735 603 1804 l,
619 1741 645 1792 1.
661 1751 686 1806 p.
704 1737 757 1792 132
772 1749 834 1806 sqq.
849 1734 969 1804 Krirgeri
988 1732 1110 1788 Grarmn.
1123 1735 1170 1787 lat.
1186 1739 1212 1798 S.
1228 1739 1305 1801 13,1.

160 1857 163 1864 -
223 1841 252 1896 p.
267 1828 292 1882 11.
311 1822 440 1878 Ceterum
456 1818 487 1877 C.
501 1818 672 1874 Thoranium
687 1818 808 1873 eundern
822 1834 904 1884 esse,
926 1819 972 1889 qui
990 1819 1101 1890 triginta
1116 1817 1196 1872 annis
1210 1824 1274 1890 post
1290 1835 1307 1872 a

225 1908 378 1963 triumviris
393 1905 568 1976 proscriptus
580 1910 607 1958 et
624 1903 785 1958 interiectus
802 1909 846 1957 est
862 1908 931 1958 teste
950 1905 1082 1974 Appiano
1098 1903 1131 1958 B.
1147 1903 1177 1958 C.
1198 1904 1244 1970 lV,
1262 1909 1305 1961 11.

224 1995 321 2048 Valer.
336 1993 412 2047 Max.
429 1989 478 2053 lX,
495 1996 544 2057 11,
566 1994 591 2046 5.
609 1987 691 2044 Oros.
707 1988 754 2055 Vl,
772 1993 825 2056 18,
839 1987 963 2042 Bimardi
978 1995 1006 2042 et
1021 1989 1165 2043 Debrossii
1181 1995 1223 2042 est
1240 2005 1306 2042 con-

226 2080 347 2146 iectura,
367 2075 535 2148 Kreyssigio
559 2089 670 2145 quoque
685 2075 812 2144 probata.
828 2101 869 2110 —
888 2071 1084 2128 Praesentem
1101 2074 1165 2128 cod.
1181 2075 1245 2128 Vat.
1265 2075 1307 2129 vi·

223 2165 294 2219 tiose
311 2163 444 2233 scriptum
453 2165 595 2232 presente.
612 2187 655 2198 -
668 2158 745 2214 ldem
759 2173 811 2228 pro
823 2155 964 2228 facillume
980 2160 1125 2230 vulgarem
1143 2159 1306 2230 superlativi

225 2251 343 2308 formam
354 2246 487 2319 facillima
501 2244 623 2300 exhibet.
643 2245 753 2298 -Pro
769 2247 963 2310 obscaenior,
977 2245 1091 2299 miserat
1112 2246 1139 2299 in
1156 2244 1220 2299 cod.
1242 2245 1305 2299 Vat.

227 2334 332 2405 duplici
355 2332 460 2387 librarii
488 2342 583 2385 errore
609 2335 754 2385 exaratum
780 2335 823 2382 est
840 2325 1304 2395 NOSCERENTUMMISERANT,

226 2437 281 2490 quo
300 2416 363 2472 VV.
379 2416 436 2470 DI).
458 2417 561 2470 trustra
582 2431 613 2469 se
633 2420 782 2469 torserunt.
804 2413 875 2467 Nam
897 2428 981 2484 quum
997 2414 1177 2484 opinarentur
1191 2413 1305 2484 plenum

228 2506 344 2559 verbum
361 2518 425 2555 csse
441 2504 600 2567 noscerent,
617 2500 744 2553 lacunam
764 2498 900 2568 suspicati
924 2503 1001 2565 sunt,
1024 2500 1103 2553 cuius
1126 2500 1166 2554 rei
1186 2515 1232 2554 am
1249 2500 1305 2571 syl-

225 2591 289 2643 laba
302 2583 507 2655 ex'inlercepto
520 2584 656 2639 vocabulo
666 2582 782 2637 residua
794 2581 991 2637 documentum
1001 2589 1084 2641 esset.
1104 2584 1196 2652 Quare
1211 2585 1306 2638 Dousa

226 2672 340 2743 scripsit
353 2675 500 2725 nocemur
514 2705 590 2723 .....
606 2685 651 2724 um
666 2669 812 2729 miramon
825 2666 974 2722 Putschius
989 2675 1135 2724 noscerent
1146 2708 1218 2724 .....
1231 2685 1304 2724 conr—

226 2759 373 2818 marauna·
391 2753 618 2822 Freinshemius,
634 2754 752 2825 propius
775 2751 810 2807 ad
832 2766 930 2807 verum
952 2753 1110 2821 accedens,
1124 2761 1305 2810 noscerentur

225 2845 260 2898 ia
276 2842 392 2898 arbem
415 2842 536 2896 miserat.
568 2838 625 2895 Sed
646 2855 703 2894 non
726 2839 891 2921 lacunosum
909 2853 974 2892 esse
996 2840 1087 2893 locum
1110 2845 1137 2893 et
1158 2839 1305 2894 Rimardus

226 2924 332 2983 dudum
348 2926 472 2995 viderat,
487 2931 514 2981 et
529 2926 640 2998 cognito
657 2923 756 2980 codice
774 2924 911 2982 Vaticano
927 2923 1037 2978 abunde
1053 2925 1150 2995 patuit.
1170 2924 1262 2992 Quare
1279 2924 1307 2978 in

225 3011 349 3068 Bimardi
368 3012 526 3068 certissima
544 3009 739 3066 emendatione
762 3008 999 3082 acquiescendum
1026 3016 1083 3075 est,
1105 3025 1186 3080 quarn
1204 3011 1306 3063 nollem

226 3098 422 3171 Kreyssigium
439 3099 476 3153 ita
490 3099 642 3169 probasse,
660 3102 688 3150 ut
702 3097 823 3150 certiora
839 3112 871 3148 se
888 3099 1053 3164 exspectare
1071 3093 1186 3149 diceret.
1200 3123 1239 3134 ·-
1256 3093 1306 3150 Ce-

225 3191 313 3240 terum
333 3190 408 3239 recte
429 3183 599 3238 Niebuhrius
622 3197 685 3235 cum
707 3179 841 3234 Rimardo
861 3179 1021 3249 perspexit,
1045 3178 1075 3234 C.
1097 3179 1268 3234 Thoranium
1289 3196 1307 3233 a

225 3272 256 3326 P.
272 3269 389 3325 Varinio
406 3283 462 3323 non
475 3268 592 3322 Romam
607 3264 643 3319 ad
659 3270 803 3329 senatum,
819 3261 848 3317 id
869 3262 944 3334 quod
957 3263 1066 3332 Dousa,
1087 3264 1305 3332 Freinshemius,

224 3355 358 3409 Brossius
375 3359 402 3407 et
417 3353 575 3407 Meisncrus
592 3347 837 3417 existimaverunt,
860 3347 912 3404 sed
933 3347 969 3403 ad
990 3351 1090 3404 milites
1113 3349 1254 3405 Romanos
1270 3365 1306 3402 ex

227 3439 293 3509 luga
309 3436 455 3508 dispersos
471 3435 587 3490 missum
603 3449 682 3500 esse,
698 3437 728 3487 ut
742 3433 810 3501 hos,
830 3450 885 3504 quo
901 3435 929 3488 in
945 3439 1019 3489 statu
1037 3449 1082 3490 res
1099 3441 1210 3504 essent,
1225 3451 1306 3506 prae·

226 3539 292 3577 sens
308 3522 450 3577 edoceret.
466 3516 617 3576 KREYSS.

311 3612 337 3672 S.
356 3610 383 3664 3.
404 3611 430 3662 et
449 3607 551 3672 tamen)
571 3604 630 3658 Hae
651 3603 804 3674 particulae
826 3604 984 3660 releruntur
1008 3621 1063 3659 non
1085 3605 1122 3659 ad
1144 3605 1206 3675 ipsa
1234 3606 1312 3674 qnaex

224 3691 400 3763 praecedunt
419 3693 522 3760 verba,
550 3688 601 3746 sed
630 3688 667 3744 ad
694 3690 1084 3745 sententiam-concessivam
1112 3691 1141 3744 in
1171 3694 1228 3744 tota
1257 3704 1306 3758 pe·

226 3775 306 3832 riodo
330 3777 471 3832 latentem.
506 3775 567 3843 Qua
588 3791 673 3845 quum
694 3774 762 3829 nihil
784 3773 861 3829 aliud
883 3777 1071 3842 contineatur,
1090 3791 1173 3845 quam
1191 3772 1260 3842 hoc,
1278 3773 1306 3828 in

226 3879 335 3918 summa
357 3860 474 3936 militum
497 3860 613 3932 ignavia
634 3860 703 3916 nihil
732 3876 821 3932 grave
845 3865 944 3914 contra
963 3873 1063 3940 servos
1086 3857 1146 3932 geri
1168 3858 1304 3930 potuisse,
1398 3909 1400 3913 .

224 3950 312 4004 verba
329 3954 355 4003 et
374 3951 464 4002 tamen
480 3951 533 4000 etc.
557 3945 593 4000 ita
615 3945 784 4017 inseruntur,
802 3950 832 4000 ut
854 3945 1022 4016 cogitatione
1039 3943 1228 4015 supplendum
1252 3943 1304 3998 sit:

223 4048 393 4105 quamquam
408 4045 454 4086 res
468 4033 505 4087 ita
520 4045 550 4085 se
564 4030 689 4086 babebat.
704 4030 843 4102 Apposite
857 4029 1041 4101 Kreyssigius
1055 4028 1231 4100 comparavit
1245 4029 1304 4099 lug.

226 4135 251 4172 c.
265 4117 397 4185 XXXIX,
412 4123 438 4175 1.
455 4105 483 4172 01
495 4115 569 4185 LIV,
585 4121 612 4173 2.
628 4119 673 4171 ubi
688 4133 714 4171 v.
732 4131 804 4186 quae
820 4115 1029 4169 annotavimus.
1048 4143 1084 4154 -
1103 4114 1170 4170 Cam
1186 4126 1305 4183 praepo·

226 4203 289 4260 sitio
310 4203 339 4258 in
355 4200 419 4257 cod.
436 4202 500 4258 Vat.
523 4201 626 4256 vitiose
646 4201 776 4257 scribitur
797 4216 891 4272 quma,
910 4216 980 4270 quas
997 4201 1115 4254 voculas
1134 4196 1273 4253 interdurn
1290 4212 1306 4250 a

224 4288 344 4347 librariis
363 4288 495 4348 contusas
512 4303 577 4344 esse
593 4287 700 4342 notavit
714 4284 809 4342 Hand.
825 4284 861 4338 de
878 4284 997 4340 Partica.
1015 4285 1062 4338 lat.
1078 4283 1143 4338 Vol.
1161 4281 1305 4353 11.p.171.
