3062 4958
239 400 303 468 322
603 402 632 461 C.
653 403 826 463 SALLUSTl
849 403 962 464 CRISPI

240 593 301 664 stis
325 590 446 662 circum
474 591 626 664 omnibus
653 591 735 664 locis
757 591 790 662 in
815 592 1007 664 Armeniam
1033 593 1202 680 eoncessi3
1227 613 1329 663 secu·
1521 615 1522 620 ¹

239 719 330 812 tique
356 717 496 790 Romani
525 741 593 789 non
622 741 692 805 me,
723 719 783 788 sed
810 741 933 788 morem
965 741 1063 790 suum
1088 718 1198 790 omnia
1224 739 1329 810 regna

240 844 476 930 subvertendi,
503 843 580 937 quia
606 844 844 916 multitudinem
871 845 951 915 artis
969 843 1051 916 loeis
1071 867 1189 938 pugna
1208 842 1327 934 prohi-

217 963 221 966 ’
240 972 362 1058 buere,
378 970 629 1062 imprudentiam
643 969 798 1063 Tigranis
811 993 872 1062 pro
887 971 1027 1042 victoria
1043 972 1219 1041 ostentant.
1234 971 1327 1040 Nunc
1338 986 1373 1041 16

241 1120 367 1192 quaeso
382 1085 573 1182 considera,
594 1097 690 1167 nobis
708 1099 879 1189 oppressis
894 1103 1004 1168 utrum
1025 1095 1202 1166 linniorem
1229 1101 1261 1164 te
1284 1095 1325 1165 ad

240 1223 476 1310 resistendum,
505 1247 546 1294 an
576 1223 676 1294 finem
697 1221 773 1292 belli
796 1224 943 1295 futurum
963 1222 1086 1316 pules?
1131 1221 1208 1292 Seio
1228 1220 1327 1315 equi-

235 1445 421 1503 praeprecsos
445 1435 636 1489 assecuturum
658 1430 772 1494 videt;
793 1447 847 1502 quo
876 1430 939 1487 loco
962 1433 1053 1488 videm
1075 1436 1207 1504 respectu
1223 1428 1325 1500 prioris

241 1517 342 1570 obiecti
356 1515 497 1588 significat
507 1518 676 1588 eampicere,
689 1513 726 1570 ad
740 1516 883 1587 posterius
898 1516 1016 1572 relatum
1028 1517 1104 1573 valet
1113 1515 1274 1586 inteltiqere.
1287 1516 1323 1568 ct.

242 1600 316 1656 Curt.
332 1601 380 1670 IX,
396 1609 420 1669 l,
436 1606 462 1659 8.
492 1601 567 1657 Hinc
579 1601 655 1658 Poro
676 1617 809 1672 amneque
831 1607 1002 1672 superato
1018 1602 1057 1657 ad
1075 1604 1208 1657 interiora
1225 1599 1326 1656 Indiae

236 1689 389 1758 processit,
412 1687 458 1743 ubi
482 1704 511 1743 v.
534 1687 657 1743 ldt'rtzell.
686 1684 743 1742 Cic.
766 1685 802 1740 de
826 1687 900 1742 Orat
922 1686 955 1757 ll,
979 1693 1005 1758 5,
1018 1694 1064 1746 nt.
1094 1685 1325 1758 Philawpltorcm

190 1817 193 1824 .
241 1773 382 1828 auditores
397 1773 502 1827 discum
517 1773 645 1827 audire
661 1788 745 1844 paam
754 1771 949 1843 plotasopltum
962 1775 1077 1828 malea
1092 1801 1136 1812 —-
1156 1772 1197 1826 De
1213 1771 1324 1827 duobus

242 1857 376 1914 ablativis·
393 1859 462 1912 arne
482 1858 548 1913 loeis
560 1873 659 1930 papae
675 1855 790 1914 diversa
809 1859 919 1912 ratione
938 1858 976 1914 ad
992 1858 1162 1932 prohibuere
1182 1857 1325 1930 pertinen-

243 1942 315 1998 tibus
330 1959 358 2000 v.
375 1941 413 1996 ad
425 1943 471 1998 Fr.
488 1943 539 2011 ΙΙΙ,
561 1947 605 2011 82,
621 1947 664 2002 26·
684 1973 720 1982 -
743 1942 964 2015 Imprudentium
979 1949 1114 2001 ostentant
1128 1943 1157 1999 lr.
1173 1945 1253 1998 lest
1266 1945 1324 2016 plo-

241 2029 352 2084 rianter
364 2028 556 2102 imprudentia
570 2036 703 2101 tanquam
716 2029 837 2087 victoria
852 2045 914 2085 sua.

326 2119 353 2188 §.-
368 2118 411 2172 16.
428 2115 553 2172 Ceteram
567 2116 708 2172 corantiwn
723 2120 771 2184 est,
789 2114 919 2188 Tarona
933 2131 1019 2190 repud
1034 2118 1140 2188 mtepro
1154 2114 1227 2182 eto.)
1254 2111 1323 2168 Tum

242 2201 270 2255 in
286 2201 507 2272 interpunctione
522 2199 623 2256 horum
638 2203 789 2256 verborum
804 2201 1001 2258 constituenda
1017 2201 1141 2258 editores
1152 2199 1323 2271 discrepant,

240 2294 299 2342 tum
313 2287 341 2341 in
359 2302 446 2342 sensu
460 2289 545 2342 totius
560 2288 615 2342 loci
630 2286 810 2358 expediendo
827 2289 943 2342 multum
959 2303 1058 2344 aveto
1073 2289 1246 2344 aberrarunt.
1267 2285 1325 2339 Alii

241 2372 325 2440 enim,
339 2373 418 2429 velut
433 2371 552 2442 (lortius,
580 2373 669 2442 Gerl,
697 2371 833 2442 Orellius,
855 2373 961 2443 Faber,
983 2373 1111 2450 Tiprenis
1129 2371 1167 2426 ad
1181 2372 1324 2426 concilium

240 2459 374 2526 referunt,
392 2459 448 2524 alii,
464 2459 494 2512 in
511 2459 612 2529 quibus
626 2457 795 2516 Debrossius
810 2464 839 2513 et
852 2457 1031 2527 Burnoul'rus,
1049 2474 1113 2515 cum
1128 2457 1221 2514 verbis
1239 2471 1324 2531 repno

239 2545 345 2614 intepro
361 2543 542 2613 coniungunt
565 2543 635 2596 Tum
649 2543 704 2596 iam
721 2541 793 2596 inde,
803 2545 839 2599 ab
851 2543 973 2616 Aspero,
988 2543 1113 2601 Sallustii
1128 2543 1323 2614 antiquissimo

241 2629 403 2698 interprete,
421 2626 574 2683 dubitatum
589 2632 641 2694 est,
657 2633 773 2683 ceterum
787 2629 924 2701 particula
933 2631 976 2698 sit,
993 2645 1029 2684 an
1044 2629 1226 2684 adiectivum.
1240 2627 1325 2682 Deni-

242 2730 312 2783 que,
339 2713 386 2784 qui
409 2718 514 2768 rectam
539 2713 792 2785 interpunctionem
816 2721 985 2787 sequuntur,
1016 2717 1045 2770 in
1062 2716 1164 2786 quibus
1181 2719 1225 2769 est
1240 2713 1324 2768 etiarn

241 2797 371 2854 Handius
386 2798 422 2854 de
436 2799 554 2854 Partica.
569 2801 615 2854 lat.
629 2799 694 2854 Vol.
709 2799 743 2854 ll.
755 2817 783 2873 p.
795 2805 857 2872 34,
877 2803 967 2856 rerba
980 2802 1122 2858 concilium
1136 2805 1178 2855 est
1189 2799 1326 2870 interpre-

241 2890 334 2939 tantur
350 2891 404 2939 etat
416 2885 484 2939 miti
494 2882 637 2940 tenenda.
664 2885 745 2953 Quae
758 2888 854 2942 omnia
867 2886 984 2942 mirifice
999 2887 1118 2942 confusa
1133 2891 1160 2940 et
1174 2884 1252 2940 haud
1266 2899 1323 2944 uno

241 2971 358 3026 nonnae
373 2971 526 3028 falsissima
548 2972 663 3043 longum
677 2977 720 3026 est
733 2989 785 3044 per
805 2974 917 3044 singula
931 2973 1069 3027 refellere.
1092 2973 1169 3026 Vere
1184 2971 1241 3026 loci
1254 2969 1324 3024 ratio

241 3056 313 3110 haee
330 3061 381 3111 est.
421 3057 607 3126 Mithridates,
623 3058 746 3114 breviter
762 3073 852 3129 neque
868 3057 1021 3113 admodum
1037 3073 1105 3112 vere
1123 3058 1244 3112 infausto
1258 3055 1324 3110 belli

242 3158 379 3199 successu
397 3143 534 3214 exposito,
551 3143 607 3199 iam
621 3143 732 3211 Arsaci,
754 3159 838 3215 quem
855 3144 996 3200 cammada
1011 3149 1093 3216 atquae
1108 3144 1182 3199 attile
1196 3144 1222 3198 et
1237 3143 1324 3196 saete-

241 3233 283 3284 taa
297 3230 420 3302 expetite
433 3227 534 3300 futuro
553 3231 601 3299 sit,
627 3227 778 3283 ostendere
793 3235 919 3285 conatur.
963 3229 1050 3301 Igitur
1072 3227 1196 3284 laudatis
1212 3226 1324 3298 magnis

242 3315 303 3370 eius
317 3317 558 3386 opibus-propter
573 3328 644 3384 quas
660 3319 687 3368 et
701 3313 813 3385 abipso
829 3313 867 3370 ad
882 3315 1055 3382 societatem,
1072 3320 1099 3368 et
1114 3312 1272 3369 allemanie
1287 3310 1325 3366 ad

240 3399 376 3470 praedam
391 3405 547 3470 expetatur,
563 3399 602 3452 ita
616 3400 723 3470 pergit:
748 3399 799 3454 aed
813 3404 904 3456 tamen
919 3401 967 3456 tibi
982 3398 1100 3470 suadeo,
1121 3404 1150 3454 ut
1164 3402 1259 3454 nostro
1276 3413 1324 3451 au·

241 3485 318 3554 xiiio,
333 3485 381 3540 tibi
397 3484 482 3540 valde
498 3488 667 3556 opportuno,
686 3485 774 3540 utaris
789 3485 827 3540 ad
840 3487 960 3555 bellum,
982 3485 1058 3558 quod
1074 3485 1121 3541 tibi
1137 3485 1229 3540 serius
1244 3484 1324 3538 ocius

242 3569 413 3648 aRomanis
424 3570 517 3637 instat,
535 3567 758 3639 conficiendum,
779 3589 815 3626 err
831 3589 903 3644 quo,
928 3573 1065 3628 societate
1090 3577 1186 3627 nostra
1202 3569 1324 3636 reiecta,

243 3656 303 3711 sive
321 3654 473 3722 vincimus
491 3655 553 3710 sive
565 3653 712 3725 vincimur,
728 3658 884 3728 perieulum
898 3657 948 3714 tibi
963 3657 1023 3713 erit.
1039 3685 1082 3696 -
1099 3655 1223 3712 Getertrm
1239 3668 1324 3726 quum

242 3742 378 3795 referatur
395 3739 432 3792 ad
450 3741 539 3795 verba
557 3740 614 3796 scio
628 3740 674 3796 tibi
685 3757 801 3815 mappae
815 3757 881 3816 opes
895 3757 971 3813 ecee,
994 3743 1151 3798 sententiae
1168 3743 1207 3797 ita
1223 3739 1325 3794 conae-

242 3830 317 3881 rent:
335 3839 502 3896 paampuam
514 3827 626 3898 magnis
641 3829 741 3900 opibus
752 3829 899 3901 praeditus
910 3829 1045 3885 societate
1060 3834 1157 3883 nostra
1167 3842 1224 3881 non
1238 3840 1326 3896 egere

243 3909 358 3978 videris,
377 3927 409 3966 ac
426 3914 452 3964 te
468 3911 559 3966 solum
573 3911 647 3968 hosti
664 3914 788 3970 arcendo
805 3929 904 3990 parem
920 3913 1031 3982 eredis,
1052 3921 1143 3969 tamen
1164 3911 1229 3967 tibi
1246 3925 1324 3966 coe·

241 3995 320 4050 selo
343 3995 406 4064 (a
419 3998 562 4054 consilinm
575 4000 632 4069 est)
654 4015 764 4056 mecum
780 4002 884 4056 bellum
898 3999 1055 4068 conficere3
1081 3998 1156 4055 unde
1172 3997 1255 4052 simul
1270 3995 1326 4052 hoc

241 4085 318 4151 patet
338 4097 394 4136 non
415 4082 584 4140 intellectum
602 4101 715 4142 sensum
728 4089 878 4142 verborum
895 4086 1036 4142 consiliam
1059 4091 1101 4141 est
1121 4083 1250 4139 omnibus
1267 4079 1327 4135 cdi·

243 4167 350 4222 toribus
380 4169 471 4225 iraudi
500 4172 598 4228 luisse.
637 4171 717 4238 Quae
751 4177 920 4242 sequuntur,
948 4187 1068 4226 caussas
1100 4167 1234 4237 afferunt,
1266 4166 1330 4240 qui-

242 4254 295 4309 bus
309 4253 434 4311 Arsaces
451 4255 487 4312 ad
504 4255 731 4329 amplectendum
747 4255 917 4312 Mithridatis
941 4256 1089 4311 consilium
1103 4253 1264 4328 permoveri
1280 4250 1331 4306 de·

243 4339 316 4394 beat.
360 4342 463 4398 Earum
477 4344 568 4417 prima
584 4342 740 4398 continetur
759 4342 855 4397 verbis
874 4341 1003 4415 Tiqranis
1023 4357 1109 4414 reparo
1127 4343 1247 4412 ὑπερ-νο,
1269 4341 1289 4395 i.
1305 4354 1331 4394 e.
