3098 4970
191 354 233 420 72
552 310 593 416 a.
619 354 792 419 succussi
815 353 929 416 cursu

191 549 289 619 nibus
312 550 345 616 el
364 546 479 638 paucis
506 545 650 626 sicariis,
674 567 817 646 quorum
841 565 938 615 nemo
966 567 1033 616 non
1054 541 1171 616 diurna
1192 565 1284 616 mer-

191 675 273 745 cede
293 672 394 742 vilam
415 673 607 762 mutaverii3
630 695 718 742 nunc
746 675 798 742 est
825 671 1006 762 proconsul
1033 654 1107 740 curn
1134 668 1281 760 imperio,

193 823 260 870 non
287 803 413 889 empto,
445 799 505 868 sed
535 799 613 868 dato
641 821 661 866 a
686 797 799 882 vobis,
827 820 902 868 cum
929 796 1050 889 legatis
1080 795 1187 866 adhuc
1213 796 1284 864 iure

196 923 405 1017 parentibus,
435 926 467 992 et
491 922 532 992 ad
556 946 632 993 eum
658 945 855 995 concurrere
882 921 1032 994 homines
1055 922 1200 991 omnium
1223 943 1284 990 or-

193 1050 304 1154 dinum
341 1047 610 1141 corruptissumi,
639 1049 821 1142 flagrantes
858 1031 969 1140 inopia
997 1049 1030 1116 et
1064 1041 1283 1137 cupidinibus,

193 1279 368 1350 (germanice
380 1274 533 1344 Benditen)
547 1273 676 1331 homines
693 1293 757 1332 esse
774 1278 899 1349 baseos,
913 1279 960 1350 qui
974 1279 1018 1332 vel
1034 1277 1138 1349 exigua
1152 1272 1284 1328 mercede

193 1363 343 1436 proposita¹
355 1362 440 1416 vitam
457 1362 485 1415 in
499 1359 657 1431 periculum
674 1359 742 1416 dare
764 1379 820 1417 non
838 1362 977 1431 audeant;
1001 1360 1076 1435 quod
1098 1365 1196 1416 contra
1220 1375 1284 1413 csse

191 1455 304 1520 praeter
318 1444 495 1502 Gerlachium
513 1447 605 1501 sciunt
620 1463 730 1502 omnes.
776 1448 868 1516 Quare
891 1443 1015 1516 Curtius,
1039 1449 1160 1502 obscuro
1184 1445 1284 1500 verita-

192 1536 227 1589 tis
245 1549 331 1589 sensu
353 1531 472 1599 ductus,
497 1533 584 1586 verba
611 1532 651 1586 sie
679 1534 815 1604 explicat:
846 1535 942 1607 quibtcs
965 1535 1067 1588 diurna
1092 1545 1198 1585 merces
1222 1531 1285 1600 ipset

192 1619 247 1675 nitd
261 1619 357 1673 certor
371 1621 425 1685 est,
451 1615 527 1686 quod
542 1618 693 1687 postremis
709 1617 853 1673 hominum
875 1626 902 1674 et
921 1606 1121 1690 perditissimis
1140 1615 1283 1686 proprium
1334 1675 1338 1684 ‚

192 1709 253 1770 est;
277 1718 368 1772 neque
384 1701 463 1755 aliter
477 1701 499 1755 F
501 1703 637 1768 aber·„es
653 1717 714 1757 war
731 1703 874 1774 niedriges
899 1703 957 1760 und
978 1703 1172 1759 verworlcncs
1189 1699 1286 1756 Gesin·

194 1788 255 1856 del,
274 1787 335 1842 ἀεηι
350 1787 411 1840 sein
428 1784 582 1857 Tapeslotm
595 1785 684 1841 better
699 1788 773 1859 pult,
795 1789 838 1844 ets
856 1789 907 1843 dus
921 1788 1029 1854 Leben,
1052 1787 1145 1842 indem
1168 1803 1215 1852 eS,
1230 1781 1286 1839 -um

194 1874 277 1928 einen
293 1868 456 1942 Tageslohn
476 1885 511 1924 zu
527 1869 667 1938 erhalten,
692 1874 754 1926 sein
770 1874 862 1928 Lebcn
884 1869 956 1929 aul's
972 1873 1048 1944 Spiel
1067 1873 1183 1928 setzte.“
1228 1867 1287 1928 Sed

192 1959 265 2014 haec
281 1955 419 2012 sententia
433 1955 583 2011 verissima
596 1947 789 2012 tantummodo
807 1959 940 2026 officitur,
959 1960 983 2014 si
1000 1973 1078 2014 nemo
1094 1973 1150 2012 non
1166 1957 1287 2028 seripse-

193 2044 253 2110 ris;
277 2040 353 2114 quod
369 2055 454 2112 quum
471 2042 516 2094 vel
532 2037 592 2095 ¹sine
614 2041 697 2096 codd.
714 2044 907 2114 reponendum
928 2045 1043 2110 luisset,
1068 2041 1194 2115 prolecto
1211 2047 1286 2108 certa

195 2144 293 2183 eorum
309 2125 460 2182 auctoritas
478 2143 534 2180 non
549 2132 610 2182 erat
626 2129 809 2201 negligenda.
855 2130 949 2185 Noluit
970 2136 1061 2184 autem
1080 2127 1226 2198 Philippus
1241 2126 1286 2180 his

195 2214 290 2268 verbis
304 2213 442 2284 masmim
457 2211 664 2282 Lepidanorum
681 2214 858 2288 significare,
875 2215 1035 2287 sed-potius
1052 2213 1106 2268 hoc
1124 2212 1210 2279 dixit,
1237 2229 1286 2265 eos

195 2299 324 2356 homines
341 2297 429 2352 luisse
441 2297 657 2369 perditissimos,
681 2302 740 2356 stne
754 2303 813 2357 eris
828 2309 854 2356 et
869 2299 956 2373 focas,
976 2317 1034 2372 pro
1047 2301 1172 2372 pessime
1186 2311 1291 2370 caussa·

194 2386 324 2440 υἰὶὶεεὺηα
340 2383 469 2438 mercede
487 2387 660 2456 pupnuntes,
687 2385 789 2440 eodem
806 2385 904 2453 modo,
925 2390 954 2439 ut
968 2385 1094 2440 Petreius
1120 2384 1148 2437 in
1165 2381 1246 2437 Catil.
1262 2399 1286 2435 c.

195 2469 271 2538 LIX,
292 2473 318 2526 5.
344 2468 445 2522 milites
470 2485 538 2523 suos
561 2473 658 2523 contra
680 2469 815 2526 Catilinae
842 2471 997 2525 exereitum
1022 2467 1175 2524 adhortans
1204 2467 1286 2521 dicit:

196 2554 372 2610 meminerint
390 2569 420 2608 se
438 2556 536 2607 contra
550 2553 672 2608 tatrones
690 2557 803 2610 inermis
819 2572 876 2627 pro
893 2557 1008 2626 petrin,
1027 2569 1084 2624 pro
1107 2551 1209 2615 liberas,
1233 2567 1288 2622 pro

196 2641 256 2694 erus
270 2644 351 2711 etque
362 2637 435 2709 focis
449 2639 507 2692 suis
521 2643 639 2692 certare.
652 2669 695 2680 --
708 2637 864 2695 Prucomut
880 2639 999 2694 Orellius
1015 2641 1112 2693 contra
1128 2635 1212 2692 codd.
1228 2651 1288 2690 mu-

198 2725 267 2780 tavit
284 2725 312 2778 in
329 2740 387 2796 pre
408 2723 532 2792 consule,
560 2723 641 2794 quasi
667 2723 722 2779 hoc
749 2726 840 2779 solum
866 2740 965 2779 verum
988 2729 1082 2790 esset;
1112 2723 1154 2776 cl.
1171 2721 1207 2777 ad
1229 2721 1288 2792 lug.

196 2809 295 2876 XLIV,
311 2815 338 2867 1.
352 2813 380 2878 p·
398 2812 459 2865 250.
473 2807 585 2879 Fragm.
602 2808 688 2871 1‚5⁷.
705 2807 852 2866 Domitium
861 2809 1119 2882 proconsulem
1133 2837 1176 2848 -
1191 2805 1287 2862 eccer-

197 2895 266 2950 sivit.
279 2895 317 2948 ib.
330 2893 366 2959 V,
381 2897 424 2952 12·
442 2890 541 2948 Audito
554 2889 585 2960 Q.
598 2891 737 2952 Murciam
750 2893 853 2969 Repem
861 2912 976 2968 proce
985 2883 1119 2950 nsulem
1133 2923 1175 2934 -
1187 2896 1215 2948 tn
1228 2891 1288 2947 Cili·

198 2981 269 3034 ciem
284 2977 469 3033 tenderev—
487 2977 553 3034 Cum
566 2978 682 3051 imperio
703 2981 771 3056 quid
797 2983 833 3038 sit
854 2982 975 3037 diximus
992 2979 1028 3037 ad
1048 2979 1109 3052 lug.
1131 2977 1191 3047 111,
1205 2986 1232 3039 l.
1249 3006 1286 3018 -·-

198 3065 301 3121 Verbis
318 3079 374 3118 nen
387 3069 476 3136 empto
494 3063 658 3123 Gerlaehius
676 3073 704 3122 et
717 3069 807 3123 Faber
820 3068 875 3123 hoc
891 3066 1044 3139 significari
1061 3069 1191 3132 censent,
1208 3063 1288 3134 Lepi-

170 3149 266 3206 ·dum
281 3153 345 3205 ante
360 3165 444 3221 quam
466 3155 620 3222 proconsul
644 3159 736 3219 esset,
760 3151 951 3226 tantummodo
981 3150 1103 3221 propriis
1132 3149 1287 3220 sumptibus

198 3240 313 3308 paratos
327 3235 429 3290 milites
451 3241 534 3306 atque
553 3237 701 3306 imperium
717 3236 862 3290 habuisse.
908 3233 966 3290 Sed
983 3234 1049 3288 huie
1065 3235 1218 3289 sententiae
1242 3235 1289 3289 ob·

199 3325 268 3386 stat,
285 3319 361 3391 quod
373 3320 485 3390 Fragm.
502 3320 528 3386 l,
545 3319 588 3374 lt.
608 3325 735 3374 narratur
750 3319 857 3391 Lepido
873 3321 1025 3376 exercitum
1040 3317 1179 3375 decretum
1191 3318 1289 3392 fnisse,

199 3421 282 3478 quem
306 3405 332 3457 ei
359 3419 457 3458 rursus
485 3401 646 3472 ademptum
674 3419 738 3460 esse
766 3419 905 3476 nusquam
928 3404 1056 3460 traditur.
1101 3405 1193 3472 Quare
1218 3404 1290 3458 haec

199 3490 289 3545 verba
310 3485 477 3541 rhetoricam
492 3491 597 3541 tantum
613 3488 671 3544 vim
687 3489 791 3544 habere
808 3490 954 3558 videntur,
978 3507 1012 3544 eo
1040 3490 1146 3545 scilicet
1171 3489 1290 3544 consilio
1352 3552 1354 3558 ¹

202 3573 313 3639 addita,
338 3576 367 3626 ut
382 3572 569 3643 oppositionis
583 3574 691 3629 ratione
707 3575 766 3630 dett
780 3577 890 3648 imperii
913 3575 1064 3648 indignitas
1081 3576 1173 3647 magis
1190 3573 1291 3630 effera-

201 3667 255 3714 tur.
276 3657 320 3698 ’-
340 3656 439 3712 Adbuc
458 3655 549 3712 Faber
571 3657 643 3712 bene
662 3661 732 3715 vidit
757 3660 794 3716 ad
819 3661 980 3717 socordiam
1003 3667 1116 3716 senatus
1138 3659 1291 3715 notandam

202 3743 360 3817 pertinere,
383 3742 429 3812 qui
449 3744 573 3814 potietur
590 3743 683 3800 edlnuc
699 3747 836 3817 Lepidum
853 3764 917 3802 cum
934 3747 1051 3820 imperio
1068 3733 1149 3811 esse,
1174 3744 1250 3817 quod
1265 3744 1291 3797 ei

202 3831 247 3884 vel
265 3845 323 3882 non
339 3825 479 3894 dandum,
495 3829 542 3882 vel
558 3826 664 3885 dudum
683 3830 862 3893 adimendum
880 3833 938 3887 luit.
950 3861 993 3871 -
1007 3831 1186 3903 Ftoprcnt
1199 3831 1292 3902 inopie

202 3921 228 3971 et
241 3911 421 3985 nudatae,
439 3913 486 3983 qui
502 3917 716 3972 tanta'omnium
732 3934 825 3972 rerum
842 3918 937 3989 inopia
953 3919 1080 3972 laborant
1092 3917 1230 3988 tantisque
1245 3931 1293 3970 cu-

201 3998 346 4073 pidinibus
368 3998 522 4070 agitantur,
552 4006 581 4055 ut
606 3999 643 4056 ad
670 4004 787 4074 quaevis
815 4002 947 4058 audenda
973 4001 1064 4074 parati
1092 4001 1156 4055 sint.
1201 4001 1292 4057 Simili
1339 4049 1341 4054 .

177 4105 180 4114 ·
202 4083 288 4141 modo
304 4082 407 4139 dictum
422 4087 465 4139 est
480 4082 557 4140 Catil.
574 4104 599 4142 c.
615 4086 704 4156 XXV,
720 4095 746 4148 3.
790 4088 923 4144 Lubtdine
940 4090 981 4143 sie
997 4101 1160 4142 accensu.
1207 4082 1243 4154 V,
1265 4089 1291 4142 4.

202 4169 344 4226 Ardens
367 4169 397 4222 in
416 4170 618 4241 cupiditatibus.
642 4201 685 4212 -
713 4171 853 4234 Scelerum
876 4173 1042 4230 consecutio
1069 4173 1203 4244 exapttutt
1228 4178 1292 4243 apte

196 4255 354 4335 contuleris
370 4270 432 4318 cum
448 4254 606 4320 his.verbis
623 4257 702 4316 Catil.
718 4258 779 4328 XV,
796 4261 824 4317 4.
862 4257 1093 4316 Conscientia
1107 4261 1222 4313 mentm
1239 4271 1291 4314 ex-
