3062 4958
449 395 698 463 ursroanaon
719 393 1040 457 resonaremus.
1062 393 1107 454 nr.
1263 383 1330 458 m

202 588 375 657 anonim.
415 585 529 680 ltaque
545 587 643 656 simul
662 591 853 678 comparant
872 584 1106 671 delenimenta,
1126 590 1159 654 et
1176 583 1329 654 linerent

249 735 310 783 vos
331 713 364 782 in
392 712 570 782 adventum
591 711 649 783 Gn.
681 710 834 803 Pompei;
861 731 959 802 quaem
988 710 1113 802 ipsum,
1131 710 1199 780 ubi
1224 709 1329 801 perli-

246 843 359 909 muere
381 839 547 908 sublatum
565 837 598 906 in
618 834 887 919 eervicessuas,
914 857 994 906 mou
1018 835 1152 926 dempto
1169 837 1259 906 metu
1276 833 1329 904 la-

248 1081 333 1134 Arus.
359 1096 385 1134 v.
402 1076 497 1145 Ilaec,
515 1094 545 1150 p.
561 1079 624 1135 ala.
639 1074 685 1130 cd.
701 1074 781 1130 Lind.
826 1076 918 1148 Vulgo
939 1076 1038 1148 legitur
1060 1078 1198 1134 caumas
1219 1085 1330 1153 lame-a

160 1235 163 1240 Ι
247 1151 324 1238 doleas
339 1168 387 1230 est,
403 1179 458 1234 quo
475 1162 518 1217 vis
536 1161 690 1216 sententiae
707 1160 790 1215 valde
810 1159 968 1216 debilitatur
983 1177 1017 1216 ao
1033 1163 1210 1231 pervertitur.
1233 1151 1329 1234 Neque

248 1247 428 1318 respicienda
444 1247 578 1303 Gronovii
589 1244 688 1314 (Obso.
703 1244 782 1312 llis.
797 1245 1210 1316 praeascendentem,
1227 1251 1330 1320 quippe

249 1349 321 1404 quae
342 1329 507 1408 interpolata
530 1331 648 1386 lectione
672 1329 782 1385 nitatur.
828 1327 957 1385 Ceterum
979 1329 1051 1386 baec
1080 1333 1186 1399 verba,
1208 1347 1280 1402 quae
1304 1333 1332 1388 in

249 1412 334 1472 codd.
350 1424 377 1471 et
392 1417 460 1472 edd.
473 1416 602 1472 omnibus
614 1420 679 1487 post
688 1414 861 1470 conabuntur
874 1423 1047 1486 comparent,
1057 1422 1123 1486 post
1134 1417 1233 1472 doben
1243 1423 1333 1474 trans·

249 1503 406 1573 posuimus,
423 1501 506 1556 Fabri
525 1502 688 1556 auctoritate
703 1499 783 1568 rnoti,
807 1499 854 1572 qui
876 1500 1038 1556 acutissime
1055 1501 1216 1572 suspicatus
1238 1509 1281 1557 cst
1299 1519 1333 1557 ea

251 1588 279 1642 in
295 1586 489 1657 antiquissimo
505 1587 599 1657 aliquo
615 1584 728 1651 codice,
751 1584 825 1640 unde
844 1585 929 1640 ceteri
946 1583 1096 1654 fluxerunt,
1111 1588 1174 1643 loco
1191 1603 1243 1641 suo
1256 1593 1333 1644 mota

251 1670 348 1728 luisse.
393 1670 468 1730 Nihil
484 1671 568 1738 enim,
593 1678 621 1724 ut
636 1672 721 1741 volgo
736 1668 881 1736 edebatur,
896 1678 1027 1726 accurate
1048 1671 1120 1726 inter
1136 1687 1168 1728 se
1182 1670 1317 1730 cohaeret
1322 1687 1331 1740 ;

99 1814 100 1818 ,
201 1805 203 1808 .
249 1773 315 1813 nam
330 1763 360 1819 ut
375 1758 620 1827 verbenacaque
634 1783 676 1794 -·
691 1755 864 1811 consumar
877 1756 981 1812 trullam
994 1771 1110 1826 prorsus
1123 1767 1333 1814 caussameon

167 1897 169 1900 ,
250 1843 338 1898 tinent
351 1839 592 1912 praecedentium,
608 1841 645 1894 ita
664 1839 789 1896 subiecta
803 1839 848 1896 his
864 1841 1001 1898 sententia
1015 1853 1075 1896 eeu.
1097 1841 1151 1898 dot.
1166 1849 1207 1898 ert
1220 1841 1332 1902 urinirna

250 1940 286 1982 ex
308 1925 455 1998 superiore
472 1925 579 1997 prodit,
600 1941 691 1996 neque
714 1939 814 1980 rursus
836 1919 909 1996 quae
929 1933 1084 1998 sequuntur
1098 1927 1155 1982 ullo
1173 1925 1259 1984 modo
1282 1943 1333 1998 per
1383 1941 1385 1944 ·

248 2013 340 2082 itaque
354 2011 519 2082 particulam
538 2027 602 2066 cum
618 2009 756 2081 proximis
775 2009 878 2066 sociari
900 2017 1034 2080 possunt;
1060 2027 1124 2068 nam
1146 2011 1222 2082 quod
1238 2012 1333 2068 Gerla-

250 2095 331 2152 chius
346 2097 409 2150 Vol.
425 2095 469 2150 111.
489 2113 517 2166 p.
534 2099 578 2156 99.
600 2094 765 2150 allucinatur
783 2095 875 2166 deque
891 2096 1010 2165 ¹arreptus
1026 2091 1091 2169 [ll]
1114 2096 1142 2150 vi
1164 2097 1334 2166 explicatius

251 2181 317 2251 poni
333 2197 384 2251 pro
399 2193 498 2252 nempe
511 2181 558 2237 vel
579 2182 707 2236 amimm
724 2175 798 2252 sill,
822 2177 851 2234 id
866 2178 950 2234 huius
970 2181 1022 2236 vlri
1037 2179 1215 2250 'insipientiae
1229 2181 1333 2240 condo·
1416 2191 1417 2194 ’

252 2265 375 2320 nendum
389 2271 440 2320 est.
483 2263 674 2334 Transpositis
693 2278 762 2319 vero
782 2262 876 2318 verbis
893 2264 987 2318 omnia
1004 2263 1135 2336 expedita
1155 2263 1240 2324 finnt.
1263 2267 1333 2324 nam
1428 2291 1429 2295 ¹

252 2367 337 2425 quum
353 2349 446 2407 verbis
463 2352 540 2404 caius
558 2350 708 2420 torpedinis
723 2355 784 2403 erut
800 2348 919 2420 decipi
939 2350 1095 2406 rectissime
1109 2356 1137 2405 et
1151 2367 1215 2410 cum
1226 2367 1333 2423 magna

252 2435 386 2492 orationis
397 2433 431 2490 'vi
446 2434 743 2492 subiiciturcauendue
756 2433 834 2490 dotus
851 2441 900 2501 ert,
922 2441 979 2490 turn
994 2434 1067 2493 bano
1084 2437 1248 2492 senteutiam
1264 2438 1335 2508 opti-
1413 2439 1416 2443 '

252 2536 296 2574 me
312 2521 454 2591 excipient
467 2520 555 2576 haec:
572 2534 691 2592 nemque
703 2519 757 2574 otio
771 2518 851 2574 modo
866 2521 921 2588 (so.
941 2536 1024 2591 quam
1039 2521 1115 2588 dolo)
1129 2535 1217 2592 aeque
1234 2543 1272 2558 ⁴·
1287 2538 1332 2576 oo-

196 2671 197 2676 ,
244 2607 405 2674 estanar,
428 2607 531 2676 quippe
554 2598 654 2678 qulbus
674 2604 997 2660 cautionisneeessitas
1018 2604 1234 2662 dauronstratur.
1277 2607 1334 2664 lam

162 2683 165 2688 ’
251 2693 335 2746 etiarn
351 2694 442 2762 ireque
464 2696 539 2746 recte
561 2707 592 2745 se
609 2691 710 2756 habel,
732 2705 788 2760 quo
804 2690 943 2746 sententia
965 2692 1120 2750 annectitur
1136 2690 1193 2746 doli
1210 2691 1334 2762 modum

252 2777 298 2830 coi
319 2769 448 2830 nobilitas
463 2774 602 2840 studebat,
619 2773 950 2848 ostendens3b0e¹enim
965 2775 993 2830 in
1013 2775 1257 2846 particula'inest:
1278 2777 1335 2832 roto

251 2861 362 2930 ibitur
383 2859 444 2914 doto
459 2861 573 2914 ndentes
587 2865 690 2912 etc.--
697 2856 744 2912 Au
759 2857 932 2914 conabanber
945 2875 981 2912 ax
995 2862 1087 2914 vebat
1104 2849 1190 2916 verbo
1203 2863 1335 2932 supplen-

254 2943 320 2997 dum
337 2948 386 3003 est¹
398 2943 503 3003 velera·
521 2945 558 2997 ct.
574 2943 620 2997 Fr.
639 2942 671 3007 ll,
686 2948 730 3012 50,
745 2947 771 3000 4.
788 2940 832 3007 ΙΙΙ,
848 2945 892 3009 71,
908 2948 934 3000 1.
959 2943 1187 3002 actitarentur.
1206 2953 1294 3002 nostr.
1309 2949 1336 3012 s.

254 3031 315 3094 loll,
334 3033 359 3085 a.
375 3044 403 3098 p.
419 3031 479 3086 603.
727 3073 729 3078 .
1010 3021 1011 3026 ’
1348 3054 1349 3057 ¹

338 3113 386 3168 ubi
395 3113 564 3184 pertimuere
577 3111 712 3168 mbbtum
727 3113 755 3166 ia
771 3112 891 3166 ceruices
905 3114 986 3180 aeas)
1004 3112 1021 3168 i.
1037 3129 1064 3167 e.
1079 3129 1160 3184 quem
1174 3120 1238 3183 tum,
1253 3131 1336 3184 quum

253 3201 281 3253 r'n
292 3213 396 3254 mmmo
407 3199 502 3253 timore
514 3197 639 3270 fuerunt,
649 3197 859 3256 memoranter
870 3199 990 3252 ceruices
1000 3213 1075 3254 sees.
1099 3198 1229 3270 iutelligit
1241 3199 1336 3261 Macer
1362 3208 1364 3212 ·

157 3311 158 3314 ¹
255 3292 365 3355 tempus
381 3282 458 3352 illud,
476 3300 531 3355 quo
547 3283 675 3338 Metellus
692 3283 720 3352 in
737 3281 874 3353 Hispania
890 3287 945 3338 tam
964 3284 1037 3337 male
1052 3299 1110 3338 rem
1131 3290 1230 3339 contra
1243 3281 1337 3344 Serto·

255 3370 326 3424 rium
342 3371 464 3440 gerebat,
479 3375 509 3424 ut
520 3368 639 3424 Romani
654 3369 681 3424 in
695 3385 750 3425 uno
763 3367 992 3438 Pompeiospcnr
1007 3367 1132 3424 laetioris
1147 3368 1272 3424 lortuua'e
1289 3385 1337 3440 po·
1424 3433 1425 3436 Ἴ

256 3460 370 3520 nerent,
388 3469 509 3524 eumque
524 3469 633 3522 summo
653 3453 770 3524 imperio
793 3451 951 3523 praeditum
976 3459 1074 3508 contra
1091 3453 1168 3516 illum
1186 3455 1338 3511 mitterent.

255 3539 410 3594 Dictionem
430 3540 461 3594 ia
473 3540 593 3593 cervices
609 3523 701 3593 battere
717 3539 837 3594 Orellius
852 3543 935 3605 ¹recte
961 3537 1030 3592 vidit
1046 3538 1223 3609 desumptam
1238 3556 1304 3599 esse
1321 3555 1337 3594 a

255 3623 342 3680 seruis
357 3624 510 3691 lecticariis,
533 3623 671 3678 dominum
685 3623 835 3678 cervicibus
846 3623 1026 3698 poscentibus,-
1048 3612 1134 3693 quare
1156 3624 1339 3696 hoesignili-

255 3716 344 3776 catur,
360 3707 530 3764 nobilitatem
546 3723 638 3764 rerum
654 3723 769 3766 suarum
786 3707 882 3764 timore
898 3710 1243 3780 coniunctam-Pompeium
1258 3711 1339 3779 qnasi

256 3793 398 3851 dominum
417 3793 469 3848 sibi
485 3793 664 3848 constituisse
679 3810 712 3850 ac
729 3793 825 3850 servili
848 3793 986 3863 obsequio
999 3793 1133 3858 coluisse.
1148 3793 1271 3856 *lituae
1284 3809 1339 3855 nou

256 3885 300 3936 est
313 3893 397 3945 nene,
414 3884 443 3933 ut
457 3869 610 3934 Gerlachio'
623 3877 723 3944 visum,
740 3877 791 3934 sed
805 3879 896 3950 aliquo
907 3879 1106 3949 praeterlapsis
1121 3867 1250 3958 tempure,
1264 3879 1339 3949 quod

256 3967 349 4037 ipsum
373 3963 504 4020 delinitur
526 3963 620 4020 verbis
643 3965 750 4034 dempto
772 3968 858 4029 metu,
887 3979 928 4018 so.
950 3963 1081 4028 Sertorii,
1108 3964 1284 4034 periculique
1304 3979 1340 4026 cur

257 4049 394 4121 llispania
415 4049 596 4104 imminentis.
641 4048 756 4103 Mirifice
784 4049 867 4120 igitur
896 4047 1062 4114 Gerlaohius
1083 4052 1114 4101 et
1137 4048 1228 4112 Faber
1254 4052 1340 4114 verba

252 4137 366 4206 dempto
384 4141 464 4203 metu,
481 4150 553 4206 quae
568 4140 664 4204 aperte
676 4139 854 4204 opponuntur
866 4131 1100 4203 praecedentibus
1112 4132 1158 4190 ubi
1161 4136 1340 4204 pertimuere,

248 4220 373 4290 ¹capiunt
392 4215 426 4274 de
444 4219 592 4291 Pompeio,
617 4235 699 4289 quem
723 4219 832 4274 nobiles
851 4233 907 4274 non
926 4218 1048 4288 amplius
1062 4216 1201 4285 timerent.
1244 4217 1340 4282 Totius

259 4310 352 4362 eutem
368 4304 422 4360 loci
438 4321 554 4362 sensum
575 4319 692 4374 prorsus
714 4305 850 4376 pervertit
862 4302 967 4370 Faber,
983 4304 1026 4356 -ita
1047 4293 1258 4372 interpretatos:
1283 4320 1341 4370 „so

345 4426 470 4468 saurusrr
492 4426 594 4468 rneen.
711 4449 714 4454 -
832 4413 867 4440 Ψ
1095 4399 1135 4463 19
