3102 4956
213 301 277 377 160
576 313 606 370 c.
630 310 803 371 sarnusn
827 314 941 374 cursu

212 505 357 576 advorsa
375 505 484 592 fuere,
507 529 647 600 quorum
664 505 728 576 alia
749 506 904 588 toleravi,
925 503 1042 596 partim
1064 505 1193 598 reppuli
1214 507 1301 579 deo-

212 652 285 700 rum
304 630 435 701 auxiliis
456 635 488 700 et
509 630 631 700 virtute
653 651 742 714 mea,
765 630 799 699 in
822 631 895 724 quis
919 631 1071 702 omnibus
1094 653 1202 726 neque
1223 635 1300 704 ani·

212 853 274 892 eam
288 836 467 908 pertinuisse,
483 836 585 908 quippe
604 853 658 908 quo
672 852 718 892 res
734 853 870 892 annorum
884 840 927 896 76.
937 839 980 894 75.
989 841 1067 896 elil.
1081 840 1297 898 continerentur.

211 923 363 994 Perperene
375 921 459 992 igitur
471 921 538 975 olim
549 921 645 976 Carrio
659 928 686 976 et
701 921 826 989 Colerus,
838 929 932 994 'uuper
944 922 1109 980 Gerlachius
1123 932 1205 997 atque
1220 927 1298 984 Orel-

212 1007 266 1062 lius
278 1023 340 1062 eam
348 1007 427 1062 lertio
437 1007 507 1061 libro
521 1007 710 1079 assignarunt,
721 1023 890 1079 quamquam
898 1007 1073 1078 Gerlachius,
1083 1027 1169 1081 quum
1177 1012 1242 1066 Vol.
1250 1013 1296 1067 Ill.

209 1109 237 1163 p.
259 1098 318 1152 118.
341 1091 543 1164 gravissimum
558 1091 642 1147 huius
658 1093 811 1147 sententiae
834 1098 1031 1164 argumentum
1045 1111 1081 1148 ex
1100 1098 1184 1151 rebus
1201 1098 1296 1152 vanis·

210 1179 298 1247 simis,
321 1178 381 1233 loco
397 1177 549 1244 orationis,
572 1177 602 1231 in
625 1176 708 1232 codd.
733 1184 760 1232 et
781 1177 827 1232 ed.
851 1179 949 1234 Venet.
973 1180 1090 1234 antelli.
1113 1181 1211 1236 licinii
1234 1199 1296 1237 ore-

209 1263 313 1318 tionem
328 1263 459 1333 scriptae,
483 1269 509 1316 et
523 1263 631 1318 uomina
647 1261 751 1330 Cottae,
776 1262 911 1330 duxisset,
934 1263 962 1316 in
983 1263 1029 1318 ed.
1044 1265 1111 1319 min.
1135 1265 1171 1320 ad
1194 1268 1296 1323 sanitass

210 1355 265 1404 tem
287 1365 420 1403 reversus
443 1347 568 1402 secundo
582 1364 644 1402 eam
667 1349 739 1403 libro·
757 1349 860 1419 posuit.
883 1377 923 1385 -
944 1347 974 1405 G.
991 1347 1096 1404 Cottam
1114 1353 1295 1420 praestantis-

210 1433 289 1488 simis
311 1433 469 1488 oratoribus
491 1438 705 1489 annumeratum
726 1432 814 1488 luisse
835 1431 934 1488 Cicero
955 1435 1049 1488 multis
1073 1435 1142 1491 locis
1161 1442 1292 1506 testatur;

209 1520 246 1574 cl.
268 1519 343 1574 Brut.
371 1536 396 1573 c.
418 1521 468 1585 49,
499 1522 559 1576 183.
603 1517 686 1573 Nulla
714 1523 802 1572 aetate
828 1517 939 1572 uberior
962 1525 1103 1574 orcarum
1127 1519 1202 1592 fetus
1229 1522 1295 1593 fuit.

208 1604 257 1659 Eu
276 1603 318 1658 bu
334 1603 451 1660 Gattaei
467 1601 605 1674 Sulpicius
619 1618 681 1658 cum
697 1602 867 1658 meoiudicio
883 1608 937 1656 tum
953 1605 1071 1658 omarum
1089 1604 1174 1677 facila
1182 1609 1293 1677 pruinas

208 1675 341 1744 iurarunt(
354 1717 395 1727 -
411 1687 479 1742 rua
503 1703 529 1741 ο.
545 1693 595 1754 so,
612 1690 675 1744 aot.
716 1686 860 1741 naaum
875 1687 1016 1756 carruae,
1039 1705 1122 1760 qaam
1134 1689 1208 1745 coru
1231 1690 1293 1746 aar·

203 1775 288 1845 picto,
302 1779 455 1844 utaturque
469 1773 628 1844 aequalibus
642 1772 700 1826 sats
708 1773 860 1844 plurimum
871 1775 1018 1842 praestitit.
1041 1773 1083 1828 ld.
1104 1774 1172 1830 ibid.
1192 1779 1218 1840 §-
1228 1779 1291 1834 907.

210 1859 313 1914 Cottam
332 1860 419 1912 miror
443 1871 576 1912 summum
598 1858 688 1928 ipsum
714 1861 851 1911 oratorem
872 1857 1003 1914 Aelianas
1023 1859 1088 1913 leurs
1104 1862 1292 1916 oratiunculas

209 1945 324 1998 voluisse
335 1944 499 1998 existumare·
511 1957 585 1996 atras.
619 1941 660 1995 ld.
675 1941 742 1996 ibid.
759 1958 784 1997 c.
796 1946 840 2008 88,
853 1947 914 2000 801.
937 1942 1111 2013 Hortensius,
1126 1961 1292 2016 quamquam

207 2028 344 2084 inciderat
359 2030 387 2082 iu
401 2027 491 2082 Cottae
505 2032 532 2082 ct
548 2025 655 2098 Sulpici
670 2031 799 2094 aculem,
821 2029 869 2097 qui
885 2029 966 2080 anais
980 2027 1071 2082 decem
1086 2032 1219 2098 maiores,
1239 2045 1290 2086 eu-

208 2113 319 2168 calleute
338 2120 394 2168 tum
410 2113 510 2168 Crasso
532 2117 558 2166 el
571 2113 686 2167 Antonio
708 2112 771 2166 daia
784 2111 912 2182 Philippo
928 2117 954 2166 el
973 2119 1039 2182 post
1058 2112 1143 2183 Iulio,
1166 2131 1228 2169 cum
1248 2114 1291 2170 bis

206 2201 274 2270 ipsis
284 2199 392 2254 dicendi
405 2199 493 2270 pluria
505 2197 730 2268 comparabatur.
765 2197 804 2252 ld.
825 2214 854 2266 p.
870 2195 981 2252 Caecin.
998 2201 1048 2263 33,
1070 2199 1113 2256 97.
1143 2198 1203 2271 Epa
1217 2199 1291 2256 banc

207 2298 351 2353 causum,
373 2300 455 2355 quum
466 2297 577 2355 apercm
590 2289 686 2336 contra
700 2281 834 2338 bominem
847 2281 1052 2336 disertissimum
1068 2289 1180 2339 nostrae
1196 2287 1289 2340 aaa·

207 2371 240 2424 tis
255 2369 367 2437 Cottam,
382 2367 508 2439 probaui.
521 2399 562 2407 —
585 2367 652 2422 Eius
667 2366 779 2422 dicendi
794 2383 883 2438 genus
896 2367 1009 2436 politum
1034 2367 1157 2438 quidem,
1174 2371 1289 2441 elegans

184 2491 186 2495 -
208 2462 235 2510 et
254 2455 379 2508 limatum
402 2451 467 2518 luit,
497 2449 549 2506 sed
572 2467 671 2521 parum
694 2452 847 2507 vehemens
870 2457 896 2505 et
916 2451 1098 2520 concitatum,
1122 2460 1149 2508 et
1171 2455 1208 2509 ad
1226 2471 1290 2526 per-

208 2537 386 2596 suadendum
408 2536 509 2607 aptius,
533 2552 618 2606 quam
636 2535 673 2590 ad
694 2535 945 2604 commovendam
969 2537 1005 2591 cl.
1029 2535 1086 2593 Cic.
1109 2537 1186 2595 Brut.
1204 2556 1229 2594 c.
1244 2546 1287 2606 55,

206 2630 268 2684 909.
282 2629 308 2678 et
320 2639 348 2677 v.
360 2621 480 2677 Ellendt.
493 2621 595 2676 Histoe.
608 2622 682 2692 eloq.
693 2637 764 2675 rom.
786 2627 813 2686 ς.
826 2626 870 2679 30.
896 2638 925 2692 p·
938 2625 983 2679 89.
1006 2621 1052 2677 ed.
1065 2623 1098 2676 ll.
1154 2620 1157 2622 ’

293 2708 365 2764 Dein
381 2706 654 2773 Cotta—disseruit)
686 2705 762 2760 Haec
781 2708 869 2761 verba
889 2706 944 2776 ipsi
961 2703 1056 2761 Cottae
1074 2708 1192 2762 orationi
1208 2723 1290 2778 prae-

207 2797 296 2850 missa
307 2791 528 2864 Heerwagenius
543 2791 571 2846 in
585 2790 734 2862 Kreyssigi
748 2791 835 2862 Epist.
854 2807 882 2862 p.
898 2793 941 2848 19.
957 2791 1100 2846 felicitare
1113 2793 1288 2867 Palimpsesti

210 2878 336 2936 Toletani
360 2877 487 2948 vestigiis
506 2876 584 2932 eruit.
624 2874 683 2932 Sed
703 2891 755 2947 pro
772 2892 821 2945 eo,
845 2874 921 2946 quod
943 2876 971 2930 in
989 2877 1093 2932 lacuna
1109 2877 1204 2947 posuit
1224 2876 1288 2932 boc

207 2963 304 3020 morlo
324 2963 465 3030 disseruit,
486 2961 682 3034 Kreyssigium
699 2963 718 3016 l.
735 2963 752 3016 l.
770 2962 857 3016 secuti
872 2960 1038 3035 scripsimus
1057 2963 1091 3016 iu
1107 2960 1197 3018 bunc
1218 2978 1287 3017 mo—

207 3035 283 3106 dum
303 3049 443 3114 disseruit,
465 3047 568 3119 quippe
590 3062 662 3117 quae
681 3048 770 3101 verba
785 3063 801 3100 a
819 3045 962 3100 Prisciano
984 3044 1088 3113 XVIII,
1110 3048 1160 3116 94,
1182 3051 1242 3105 202.
1257 3064 1285 3118 p.

207 3141 266 3197 199.
283 3135 329 3190 Kr.
351 3151 387 3188 ex
402 3131 535 3189 Sallustio
553 3130 668 3186 laudata
689 3132 735 3198 [v.
753 3128 826 3185 Cort.
841 3147 870 3200 p.
887 3135 962 3188 1002.
997 3131 1070 3185 Gerl.
1085 3131 1132 3186 ed.
1148 3131 1213 3186 mai.
1229 3133 1286 3186 Ine.

205 3227 249 3281 23.
266 3219 311 3278 ed.
330 3220 399 3288 min.
414 3218 471 3270 lnc.
488 3219 530 3273 14.
546 3232 575 3286 p.
593 3217 659 3281 937,
675 3219 718 3271 10.
752 3213 836 3268 Debr.
850 3214 891 3281 V,
909 3217 952 3272 24.
968 3215 1003 3283 V,
1023 3211 1084 3288 41]
1101 3231 1137 3270 ex
1150 3215 1205 3272 hoc
1222 3216 1285 3286 ipso

205 3309 269 3360 loco
283 3304 430 3372 desumpta
438 3298 597 3355 videantur.
619 3298 711 3352 Minus
723 3297 1026 3368 probabiliterRolhius
1037 3300 1066 3354 in
1076 3301 1175 3355 Museo
1187 3299 1286 3371 philol.

206 3389 296 3444 Rhen.
310 3388 374 3441 Vol.
388 3385 457 3439 Vlll.
472 3401 501 3455 p.
518 3386 581 3441 439.
606 3383 783 3453 Palimpsesti
797 3383 930 3454 reliquias
947 3385 988 3439 sic
1003 3385 1161 3456 supplevit:
1177 3387 1206 3440 iu
1222 3401 1286 3440 coa-

206 3475 276 3528 tiona
293 3471 345 3526 boc
359 3470 438 3526 modo
452 3467 589 3523 disseruitl
616 3465 645 3522 Si
663 3467 729 3538 quid
744 3469 820 3522 enim
835 3469 930 3537 video,
948 3468 1026 3524 Cotta
1041 3486 1096 3524 non
1113 3471 1286 3530 incautione

206 3564 271 3629 post
287 3555 401 3627 aliquod
417 3559 525 3624 tempus
545 3552 700 3621 advocata,
716 3553 767 3608 sed
782 3553 873 3608 statim
888 3555 1006 3609 tumultu
1019 3559 1157 3625 utcunque
1172 3571 1285 3626 compo-

207 3643 259 3697 sito
280 3641 435 3696 orationem
453 3637 526 3692 hane
542 3635 652 3706 habuit,
677 3638 706 3693 id
721 3636 798 3710 quod
814 3639 898 3694 etiam
914 3655 949 3695 ex
963 3640 1099 3710 peculiari
1113 3641 1175 3694 eius
1190 3640 1285 3695 indole

190 3727 302 3799 colligi
316 3741 403 3798 posse
422 3723 542 3779 videtur.
1260 3797 1262 3802 Ι

290 3817 316 3878 S.
337 3818 361 3868 1.
392 3810 448 3864 alia
457 3807 622 3881 *partim
656 3809 695 3864 Dc
716 3810 761 3866 his
781 3811 914 3876 vocibus,
934 3825 1006 3879 quae
1028 3809 1081 3864 sibi
1103 3809 1284 3880 respondent,

205 3915 235 3952 v.
252 3896 289 3953 ad
304 3898 365 3967 lug.
381 3910 406 3949 e.
418 3893 574 3962 XXXVIII,
589 3899 616 3954 3.
630 3912 660 3966 p.
675 3899 738 3954 919.
778 3893 886 3949 Partim
900 3910 964 3949 cum
978 3895 1103 3964 genitivo
1120 3895 1167 3950 vel
1180 3909 1219 3950 ea
1238 3901 1286 3948 aut

205 3982 239 4036 da
254 3979 461 4052 praepositione
474 3980 595 4035 iunctum
606 3981 664 4036 vim
677 3973 762 4034 habet
771 3979 901 4035 adiectivi
916 3979 1038 4050 partitivi
1052 3979 1098 4036 vel
1112 3980 1284 4034 nominativo

124 4070 126 4074 ’
204 4067 251 4122 vel
267 4066 429 4122 accusativo
444 4065 598 4137 positi;.cl.
617 4062 674 4120 Cic.
693 4063 728 4119 de
746 4063 800 4120 off.
816 4065 855 4133 ll,
871 4067 983 4132 91,’72.
1019 4063 1126 4138 Eorum
1141 4063 1283 4136 mauricio-

66 4179 96 4210 ,τ-
204 4167 267 4207 rum
281 4151 388 4224 partim
402 4150 533 4206 cusnrodi
551 4155 628 4218 suut,
647 4155 677 4204 ut
692 4148 731 4203 aa
749 4151 892 4216 uniuersos
909 4149 974 4204 ciuis
984 4148 1160 4221 pertincant,
1178 4150 1284 4221 purtim

87 4210 90 4216 ¹
201 4237 322 4310 mapulas
349 4242 379 4292 ut
406 4237 549 4307 ubirpam.
584 4231 625 4288 ld.
650 4231 686 4288 de
708 4233 782 4289 Oret.
807 4235 844 4302 II,
867 4238 916 4301 m,
936 4233 983 4291 94.
1002 4259 1038 4272 -
1077 4231 1205 4290 Tolcruai
1221 4226 1284 4303 pc'r·
