<?xml version="1.0" encoding="UTF-8"?>
<!DOCTYPE html PUBLIC "-//W3C//DTD XHTML 1.0 Transitional//EN"
    "http://www.w3.org/TR/xhtml1/DTD/xhtml1-transitional.dtd">
<html xmlns="http://www.w3.org/1999/xhtml" xml:lang="en" lang="en">
 <head>
  <title>
</title>
<meta http-equiv="Content-Type" content="text/html;charset=utf-8" />
  <meta name='ocr-system' content='tesseract 3.04.00' />
  <meta name='ocr-capabilities' content='ocr_page ocr_carea ocr_par ocr_line ocrx_word'/>
</head>
<body>
  <div class='ocr_page' id='page_1' title='image "./csallusticrispi04sallgoog_0260.png"; bbox 0 0 3102 4956; ppageno 0'>
   <div class='ocr_carea' id='block_1_1' title="bbox 215 364 940 428">
    <p class='ocr_par' dir='ltr' id='par_1_1' title="bbox 215 319 940 428">
     <span class='ocr_line' id='line_1_1' title="bbox 215 364 940 428; baseline -0.006 0"><span class='ocrx_word' id='word_1_1' title='bbox 215 364 278 428; x_wconf 77' lang='lat' dir='ltr'>ere</span> <span class='ocrx_word' id='word_1_2' title='bbox 578 367 607 424; x_wconf 91' lang='lat' dir='ltr'>o.</span> <span class='ocrx_word' id='word_1_3' title='bbox 629 367 802 427; x_wconf 77' lang='lat' dir='ltr'>surusrr</span> <span class='ocrx_word' id='word_1_4' title='bbox 826 369 940 426; x_wconf 82' lang='lat' dir='ltr'>cursu</span> 
     </span>
    </p>
   </div>
   <div class='ocr_carea' id='block_1_2' title="bbox 217 551 1301 1027">
    <p class='ocr_par' dir='ltr' id='par_1_2' title="bbox 217 551 1301 1027">
     <span class='ocr_line' id='line_1_2' title="bbox 260 551 1301 650; baseline -0.008 -22"><span class='ocrx_word' id='word_1_5' title='bbox 260 561 263 568; x_wconf 88' lang='grc'>’</span> <span class='ocrx_word' id='word_1_6' title='bbox 320 563 370 628; x_wconf 89' lang='grc'>18.</span> <span class='ocrx_word' id='word_1_7' title='bbox 414 556 525 648; x_wconf 90' lang='lat' dir='ltr'>Atque</span> <span class='ocrx_word' id='word_1_8' title='bbox 551 555 639 626; x_wconf 87' lang='lat' dir='ltr'>edita</span> <span class='ocrx_word' id='word_1_9' title='bbox 661 557 806 650; x_wconf 91' lang='lat' dir='ltr'>undique</span> <span class='ocrx_word' id='word_1_10' title='bbox 828 557 932 628; x_wconf 88' lang='lat' dir='ltr'>tribus</span> <span class='ocrx_word' id='word_1_11' title='bbox 959 564 1068 626; x_wconf 86' lang='lat' dir='ltr'>tamen</span> <span class='ocrx_word' id='word_1_12' title='bbox 1101 573 1175 623; x_wconf 91' lang='lat' dir='ltr'>cum</span> <span class='ocrx_word' id='word_1_13' title='bbox 1198 551 1301 622; x_wconf 88' lang='lat' dir='ltr'>muris</span> 
     </span>
     <span class='ocr_line' id='line_1_3' title="bbox 217 680 580 776; baseline 0.003 -27"><span class='ocrx_word' id='word_1_14' title='bbox 217 684 249 749; x_wconf 88' lang='lat' dir='ltr'>et</span> <span class='ocrx_word' id='word_1_15' title='bbox 271 682 402 776; x_wconf 81' lang='lat' dir='ltr'>magnis</span> <span class='ocrx_word' id='word_1_16' title='bbox 425 680 580 754; x_wconf 92' lang='lat' dir='ltr'>turribus.</span> 
     </span>
     <span class='ocr_line' id='line_1_4' title="bbox 321 805 1277 901; baseline -0.003 -25"><span class='ocrx_word' id='word_1_17' title='bbox 321 811 370 878; x_wconf 85' lang='lat'>19.</span> <span class='ocrx_word' id='word_1_18' title='bbox 413 807 517 892; x_wconf 81' lang='lat' dir='ltr'>Quem</span> <span class='ocrx_word' id='word_1_19' title='bbox 539 811 631 877; x_wconf 84' lang='lat' dir='ltr'>trans</span> <span class='ocrx_word' id='word_1_20' title='bbox 651 809 808 899; x_wconf 79' lang='lat' dir='ltr'>stagnum</span> <span class='ocrx_word' id='word_1_21' title='bbox 831 807 939 878; x_wconf 87' lang='lat' dir='ltr'>omnis</span> <span class='ocrx_word' id='word_1_22' title='bbox 955 828 1063 901; x_wconf 89' lang='lat' dir='ltr'>usque</span> <span class='ocrx_word' id='word_1_23' title='bbox 1085 807 1127 876; x_wconf 82' lang='lat' dir='ltr'>ud</span> <span class='ocrx_word' id='word_1_24' title='bbox 1145 805 1277 876; x_wconf 90' lang='lat' dir='ltr'>llumen.</span> 
     </span>
     <span class='ocr_line' id='line_1_5' title="bbox 320 913 1301 1027; baseline -0.001 -27"><span class='ocrx_word' id='word_1_25' title='bbox 320 937 371 1002; x_wconf 77' lang='lat'>20.</span> <span class='ocrx_word' id='word_1_26' title='bbox 415 932 509 1003; x_wconf 91' lang='lat' dir='ltr'>Duos</span> <span class='ocrx_word' id='word_1_27' title='bbox 529 955 628 1027; x_wconf 82' lang='lat' dir='ltr'>quam</span> <span class='ocrx_word' id='word_1_28' title='bbox 650 955 824 1004; x_wconf 85' lang='lat' dir='ltr'>maxumus</span> <span class='ocrx_word' id='word_1_29' title='bbox 843 913 927 1003; x_wconf 89' lang='lat' dir='ltr'>utris</span> <span class='ocrx_word' id='word_1_30' title='bbox 949 933 1014 1004; x_wconf 83' lang='lat' dir='ltr'>levi</span> <span class='ocrx_word' id='word_1_31' title='bbox 1032 931 1163 1002; x_wconf 84' lang='lat' dir='ltr'>tabulae</span> <span class='ocrx_word' id='word_1_32' title='bbox 1185 929 1301 1002; x_wconf 89' lang='lat' dir='ltr'>subie-</span> 
     </span>
    </p>
   </div>
   <div class='ocr_carea' id='block_1_3' title="bbox 214 1140 1352 2746">
    <p class='ocr_par' dir='ltr' id='par_1_3' title="bbox 218 1140 1304 2149">
     <span class='ocr_line' id='line_1_6' title="bbox 219 1140 1300 1212; baseline -0.004 -18"><span class='ocrx_word' id='word_1_33' title='bbox 219 1155 387 1212; x_wconf 83' lang='lat' dir='ltr'>quamquam</span> <span class='ocrx_word' id='word_1_34' title='bbox 402 1142 485 1196; x_wconf 83' lang='lat' dir='ltr'>etiem</span> <span class='ocrx_word' id='word_1_35' title='bbox 504 1141 569 1196; x_wconf 83' lang='lat' dir='ltr'>alibi</span> <span class='ocrx_word' id='word_1_36' title='bbox 584 1140 645 1196; x_wconf 90' lang='lat' dir='ltr'>lieri</span> <span class='ocrx_word' id='word_1_37' title='bbox 663 1142 766 1212; x_wconf 92' lang='lat' dir='ltr'>potuit,</span> <span class='ocrx_word' id='word_1_38' title='bbox 789 1145 882 1196; x_wconf 84' lang='lat' dir='ltr'>tamen</span> <span class='ocrx_word' id='word_1_39' title='bbox 900 1142 969 1196; x_wconf 86' lang='lat' dir='ltr'>satis</span> <span class='ocrx_word' id='word_1_40' title='bbox 987 1146 1096 1196; x_wconf 82' lang='lat' dir='ltr'>constet</span> <span class='ocrx_word' id='word_1_41' title='bbox 1118 1140 1221 1194; x_wconf 86' lang='lat' dir='ltr'>lectum</span> <span class='ocrx_word' id='word_1_42' title='bbox 1234 1151 1300 1204; x_wconf 47' lang='lat' dir='ltr'>‚esse</span> 
     </span>
     <span class='ocr_line' id='line_1_7' title="bbox 220 1223 1301 1298; baseline -0.002 -20"><span class='ocrx_word' id='word_1_43' title='bbox 220 1226 248 1278; x_wconf 92' lang='lat' dir='ltr'>in</span> <span class='ocrx_word' id='word_1_44' title='bbox 265 1225 360 1298; x_wconf 78' lang='lat' dir='ltr'>Cyzici</span> <span class='ocrx_word' id='word_1_45' title='bbox 380 1225 543 1295; x_wconf 83' lang='lat' dir='ltr'>obsidione,</span> <span class='ocrx_word' id='word_1_46' title='bbox 561 1227 822 1297; x_wconf 85' lang='lat' dir='ltr'>quumllllithridatis</span> <span class='ocrx_word' id='word_1_47' title='bbox 844 1227 943 1282; x_wconf 84' lang='lat' dir='ltr'>castris</span> <span class='ocrx_word' id='word_1_48' title='bbox 958 1227 1090 1281; x_wconf 80' lang='lat' dir='ltr'>Lucullus</span> <span class='ocrx_word' id='word_1_49' title='bbox 1112 1241 1164 1280; x_wconf 85' lang='lat' dir='ltr'>sua</span> <span class='ocrx_word' id='word_1_50' title='bbox 1184 1223 1301 1292; x_wconf 88' lang='lat' dir='ltr'>circum-</span> 
     </span>
     <span class='ocr_line' id='line_1_8' title="bbox 219 1309 1302 1383; baseline -0.003 -19"><span class='ocrx_word' id='word_1_51' title='bbox 219 1310 356 1368; x_wconf 87' lang='lat' dir='ltr'>dedisset.</span> <span class='ocrx_word' id='word_1_52' title='bbox 371 1313 467 1383; x_wconf 86' lang='lat' dir='ltr'>Neque</span> <span class='ocrx_word' id='word_1_53' title='bbox 485 1313 592 1367; x_wconf 85' lang='lat' dir='ltr'>relicua</span> <span class='ocrx_word' id='word_1_54' title='bbox 607 1315 695 1368; x_wconf 84' lang='lat' dir='ltr'>verba</span> <span class='ocrx_word' id='word_1_55' title='bbox 709 1329 765 1366; x_wconf 88' lang='lat' dir='ltr'>non</span> <span class='ocrx_word' id='word_1_56' title='bbox 780 1313 962 1368; x_wconf 89' lang='lat' dir='ltr'>conveniunt.</span> <span class='ocrx_word' id='word_1_57' title='bbox 983 1312 1114 1367; x_wconf 82' lang='lat' dir='ltr'>Lucullus</span> <span class='ocrx_word' id='word_1_58' title='bbox 1130 1309 1204 1364; x_wconf 86' lang='lat' dir='ltr'>enim</span> <span class='ocrx_word' id='word_1_59' title='bbox 1217 1324 1302 1380; x_wconf 90' lang='lat' dir='ltr'>quum</span> 
     </span>
     <span class='ocr_line' id='line_1_9' title="bbox 219 1395 1303 1470; baseline -0.003 -21"><span class='ocrx_word' id='word_1_60' title='bbox 219 1397 392 1467; x_wconf 84' lang='lat' dir='ltr'>superiorem</span> <span class='ocrx_word' id='word_1_61' title='bbox 409 1397 499 1452; x_wconf 86' lang='lat' dir='ltr'>locum</span> <span class='ocrx_word' id='word_1_62' title='bbox 521 1403 643 1466; x_wconf 89' lang='lat' dir='ltr'>teneret,</span> <span class='ocrx_word' id='word_1_63' title='bbox 670 1414 822 1470; x_wconf 82' lang='lat' dir='ltr'>pugnaque</span> <span class='ocrx_word' id='word_1_64' title='bbox 850 1395 1046 1452; x_wconf 81' lang='lat' dir='ltr'>abstinendum</span> <span class='ocrx_word' id='word_1_65' title='bbox 1069 1397 1225 1461; x_wconf 81' lang='lat' dir='ltr'>statuisset,</span> <span class='ocrx_word' id='word_1_66' title='bbox 1247 1409 1303 1448; x_wconf 92' lang='lat' dir='ltr'>non</span> 
     </span>
     <span class='ocr_line' id='line_1_10' title="bbox 218 1480 1301 1554; baseline -0.003 -19"><span class='ocrx_word' id='word_1_67' title='bbox 218 1487 329 1552; x_wconf 84' lang='lat' dir='ltr'>poterat</span> <span class='ocrx_word' id='word_1_68' title='bbox 344 1499 361 1539; x_wconf 84' lang='lat' dir='ltr'><strong>a</strong></span> <span class='ocrx_word' id='word_1_69' title='bbox 376 1482 536 1537; x_wconf 82' lang='lat' dir='ltr'>Mithridate</span> <span class='ocrx_word' id='word_1_70' title='bbox 551 1481 589 1537; x_wconf 82' lang='lat' dir='ltr'>ad</span> <span class='ocrx_word' id='word_1_71' title='bbox 600 1484 786 1554; x_wconf 83' lang='lat' dir='ltr'>pugnandum</span> <span class='ocrx_word' id='word_1_72' title='bbox 802 1485 876 1554; x_wconf 77' lang='lat' dir='ltr'>cogi,</span> <span class='ocrx_word' id='word_1_73' title='bbox 890 1499 1004 1554; x_wconf 75' lang='lat' dir='ltr'>ingemo</span> <span class='ocrx_word' id='word_1_74' title='bbox 1012 1482 1066 1538; x_wconf 88' lang='lat' dir='ltr'>locr</span> <span class='ocrx_word' id='word_1_75' title='bbox 1084 1480 1222 1552; x_wconf 91' lang='lat' dir='ltr'>proelium</span> <span class='ocrx_word' id='word_1_76' title='bbox 1238 1495 1301 1550; x_wconf 87' lang='lat' dir='ltr'>pro-</span> 
     </span>
     <span class='ocr_line' id='line_1_11' title="bbox 219 1555 1304 1661; baseline -0.003 -40"><span class='ocrx_word' id='word_1_77' title='bbox 219 1566 348 1637; x_wconf 80' lang='lat' dir='ltr'>hibente3</span> <span class='ocrx_word' id='word_1_78' title='bbox 378 1568 416 1622; x_wconf 89' lang='lat' dir='ltr'>cl.</span> <span class='ocrx_word' id='word_1_79' title='bbox 429 1569 563 1661; x_wconf 81' lang='lat' dir='ltr'>Appien.</span> <span class='ocrx_word' id='word_1_80' title='bbox 586 1568 677 1623; x_wconf 88' lang='lat' dir='ltr'>Mithr.</span> <span class='ocrx_word' id='word_1_81' title='bbox 698 1585 723 1622; x_wconf 90' lang='lat' dir='ltr'>c.</span> <span class='ocrx_word' id='word_1_82' title='bbox 739 1572 790 1635; x_wconf 81' lang='grc'>76,</span> <span class='ocrx_word' id='word_1_83' title='bbox 806 1575 876 1622; x_wconf 86' lang='lat' dir='ltr'>extr.</span> <span class='ocrx_word' id='word_1_84' title='bbox 900 1555 1157 1643; x_wconf 76' lang='grc' dir='ltr'><em>ΟΜνθριδάτης</em></span> <span class='ocrx_word' id='word_1_85' title='bbox 1177 1559 1304 1640; x_wconf 76' lang='grc' dir='ltr'><em>περιεῖδε</em></span> 
     </span>
     <span class='ocr_line' id='line_1_12' title="bbox 214 1637 1304 1751; baseline -0.001 -45.993"><span class='ocrx_word' id='word_1_86' title='bbox 214 1637 372 1748; x_wconf 73' lang='lat' dir='ltr'>Poppolooc</span> <span class='ocrx_word' id='word_1_87' title='bbox 390 1638 441 1708; x_wconf 83' lang='grc' dir='ltr'><em>διά</em></span> <span class='ocrx_word' id='word_1_88' title='bbox 462 1664 565 1708; x_wconf 85' lang='grc' dir='ltr'><em>στενον</em></span> <span class='ocrx_word' id='word_1_89' title='bbox 552 1645 794 1751; x_wconf 78' lang='grc' dir='ltr'><strong><em>παροδεύοντας</em></strong></span> <span class='ocrx_word' id='word_1_90' title='bbox 812 1639 914 1747; x_wconf 71' lang='grc' dir='ltr'><em>άδεοῖς,</em></span> <span class='ocrx_word' id='word_1_91' title='bbox 936 1645 987 1707; x_wconf 73' lang='grc' dir='ltr'>καὶ</span> <span class='ocrx_word' id='word_1_92' title='bbox 1009 1643 1304 1724; x_wconf 76' lang='grc' dir='ltr'><em>ἕπιτειχδζοντας</em></span> 
     </span>
     <span class='ocr_line' id='line_1_13' title="bbox 221 1722 1304 1834; baseline -0.002 -43"><span class='ocrx_word' id='word_1_93' title='bbox 221 1723 320 1792; x_wconf 72' lang='grc' dir='ltr'><em>αὐτοῦ</em></span> <span class='ocrx_word' id='word_1_94' title='bbox 347 1726 491 1833; x_wconf 77' lang='grc' dir='ltr'><em>μέμα”</em></span> <span class='ocrx_word' id='word_1_95' title='bbox 475 1754 575 1830; x_wconf 85' lang='grc' dir='ltr'><em>ορος.</em></span> <span class='ocrx_word' id='word_1_96' title='bbox 609 1754 644 1792; x_wconf 91' lang='grc' dir='ltr'>ον</span> <span class='ocrx_word' id='word_1_97' title='bbox 665 1737 840 1831; x_wconf 75' lang='grc' dir='ltr'><em>κρατοῦντες</em></span> <span class='ocrx_word' id='word_1_98' title='bbox 867 1722 1001 1793; x_wconf 76' lang='grc' dir='ltr'><em>αιποδ</em></span> <span class='ocrx_word' id='word_1_99' title='bbox 969 1753 1023 1810; x_wconf 87' lang='grc' dir='ltr'><em>μεν</em></span> <span class='ocrx_word' id='word_1_100' title='bbox 1043 1725 1169 1793; x_wconf 77' lang='grc' dir='ltr'><em>ὄπισθεν</em></span> <span class='ocrx_word' id='word_1_101' title='bbox 1186 1729 1304 1834; x_wconf 72' lang='grc' dir='ltr'><em>ἔμελλον</em></span> 
     </span>
     <span class='ocr_line' id='line_1_14' title="bbox 221 1793 1304 1921; baseline -0.003 -46"><span class='ocrx_word' id='word_1_102' title='bbox 221 1793 336 1899; x_wconf 75' lang='grc' dir='ltr'><em>άμοραν</em></span> <span class='ocrx_word' id='word_1_103' title='bbox 358 1807 451 1888; x_wconf 78' lang='grc' dir='ltr'><em>άδεῶς</em></span> <span class='ocrx_word' id='word_1_104' title='bbox 471 1811 647 1895; x_wconf 77' lang='grc' dir='ltr'><em>ἐπάξεσθαι,</em></span> <span class='ocrx_word' id='word_1_105' title='bbox 675 1811 875 1899; x_wconf 76' lang='grc' dir='ltr'><em>Μιθριδάτην</em></span> <span class='ocrx_word' id='word_1_106' title='bbox 898 1815 930 1878; x_wconf 82' lang='grc' dir='ltr'>δὲ</span> <span class='ocrx_word' id='word_1_107' title='bbox 956 1818 1045 1921; x_wconf 71' lang='grc' dir='ltr'><em>λίμνμ</em></span> <span class='ocrx_word' id='word_1_108' title='bbox 1074 1813 1124 1878; x_wconf 79' lang='grc' dir='ltr'>καὶ</span> <span class='ocrx_word' id='word_1_109' title='bbox 1152 1809 1232 1917; x_wconf 76' lang='grc' dir='ltr'><em>ὄρεσι</em></span> <span class='ocrx_word' id='word_1_110' title='bbox 1254 1811 1304 1873; x_wconf 81' lang='grc' dir='ltr'>καὶ</span> 
     </span>
     <span class='ocr_line' id='line_1_15' title="bbox 221 1891 1304 2001; baseline -0.002 -41"><span class='ocrx_word' id='word_1_111' title='bbox 221 1906 362 1980; x_wconf 82' lang='grc' dir='ltr'><em>ποταμοῖς</em></span> <span class='ocrx_word' id='word_1_112' title='bbox 373 1891 622 1963; x_wconf 77' lang='grc' dir='ltr'><em>άποιιλείσειντῶν</em></span> <span class='ocrx_word' id='word_1_113' title='bbox 632 1925 706 1962; x_wconf 82' lang='grc' dir='ltr'><em>κατα</em></span> <span class='ocrx_word' id='word_1_114' title='bbox 714 1927 772 1982; x_wconf 78' lang='grc' dir='ltr'>μην</span> <span class='ocrx_word' id='word_1_115' title='bbox 782 1923 933 2001; x_wconf 85' lang='grc' dir='ltr'><em>απαντων,</em></span> <span class='ocrx_word' id='word_1_116' title='bbox 943 1935 987 1947; x_wconf 90' lang='grc'><strong>-</strong></span> <span class='ocrx_word' id='word_1_117' title='bbox 998 1924 1082 1963; x_wconf 78' lang='lat' dir='ltr'>oure</span> <span class='ocrx_word' id='word_1_118' title='bbox 1096 1895 1185 1981; x_wconf 78' lang='grc' dir='ltr'><em>βιάζ</em></span> <span class='ocrx_word' id='word_1_119' title='bbox 1169 1904 1304 1975; x_wconf 77' lang='grc' dir='ltr'><em>ζεσθαι</em></span> 
     </span>
     <span class='ocr_line' id='line_1_16' title="bbox 222 1978 1304 2088; baseline -0.003 -42"><span class='ocrx_word' id='word_1_120' title='bbox 222 1982 436 2088; x_wconf 79' lang='grc' dir='ltr'><em>δυνάμενον</em></span> <span class='ocrx_word' id='word_1_121' title='bbox 453 1985 506 2047; x_wconf 75' lang='grc' dir='ltr'><em>ἔτι</em></span> <span class='ocrx_word' id='word_1_122' title='bbox 520 1980 798 2048; x_wconf 76' lang='grc' dir='ltr'><em>Λοάκονλλον</em></span> <span class='ocrx_word' id='word_1_123' title='bbox 783 1978 853 2048; x_wconf 82' lang='grc' dir='ltr'>υπὸ</span> <span class='ocrx_word' id='word_1_124' title='bbox 874 1990 938 2067; x_wconf 81' lang='grc' dir='ltr'>τῆς</span> <span class='ocrx_word' id='word_1_125' title='bbox 955 1987 1238 2068; x_wconf 74' lang='grc' dir='ltr'><em>δυσχωρίας-</em></span> <span class='ocrx_word' id='word_1_126' title='bbox 1264 1990 1304 2044; x_wconf 81' lang='lat' dir='ltr'>lle</span> 
     </span>
     <span class='ocr_line' id='line_1_17' title="bbox 222 2077 784 2149; baseline 0 -17"><span class='ocrx_word' id='word_1_127' title='bbox 222 2091 250 2132; x_wconf 90' lang='lat' dir='ltr'>vr</span> <span class='ocrx_word' id='word_1_128' title='bbox 264 2093 345 2133; x_wconf 83' lang='lat' dir='ltr'>vocis</span> <span class='ocrx_word' id='word_1_129' title='bbox 357 2092 464 2149; x_wconf 79' lang='lat' dir='ltr'>mpemo</span> <span class='ocrx_word' id='word_1_130' title='bbox 480 2079 516 2132; x_wconf 89' lang='lat' dir='ltr'>cl</span> <span class='ocrx_word' id='word_1_131' title='bbox 531 2077 568 2132; x_wconf 83' lang='lat' dir='ltr'>ad</span> <span class='ocrx_word' id='word_1_132' title='bbox 584 2078 629 2132; x_wconf 91' lang='lat' dir='ltr'>Fr</span> <span class='ocrx_word' id='word_1_133' title='bbox 646 2079 679 2147; x_wconf 98' lang='grc' dir='ltr'>ΙΙ,</span> <span class='ocrx_word' id='word_1_134' title='bbox 697 2083 784 2148; x_wconf 65' lang='grc'><strong>569.</strong></span> 
     </span>
    </p>

    <p class='ocr_par' dir='ltr' id='par_1_4' title="bbox 219 2161 1352 2746">
     <span class='ocr_line' id='line_1_18' title="bbox 305 2161 1304 2233; baseline -0.001 -16"><span class='ocrx_word' id='word_1_135' title='bbox 305 2163 350 2217; x_wconf 93' lang='lat' dir='ltr'>Fr.</span> <span class='ocrx_word' id='word_1_136' title='bbox 367 2167 411 2221; x_wconf 84' lang='grc'>18.</span> <span class='ocrx_word' id='word_1_137' title='bbox 432 2161 518 2231; x_wconf 84' lang='lat' dir='ltr'>[Cort.</span> <span class='ocrx_word' id='word_1_138' title='bbox 534 2180 562 2233; x_wconf 94' lang='lat' dir='ltr'>p.</span> <span class='ocrx_word' id='word_1_139' title='bbox 576 2168 654 2226; x_wconf 82' lang='lat'><strong>1005.</strong></span> <span class='ocrx_word' id='word_1_140' title='bbox 678 2163 753 2218; x_wconf 88' lang='lat' dir='ltr'>Gerl.</span> <span class='ocrx_word' id='word_1_141' title='bbox 770 2163 817 2218; x_wconf 89' lang='lat' dir='ltr'>ed.</span> <span class='ocrx_word' id='word_1_142' title='bbox 831 2163 897 2218; x_wconf 87' lang='lat' dir='ltr'>mai.</span> <span class='ocrx_word' id='word_1_143' title='bbox 913 2162 971 2217; x_wconf 90' lang='lat' dir='ltr'>luo.</span> <span class='ocrx_word' id='word_1_144' title='bbox 987 2167 1030 2222; x_wconf 93' lang='grc'>69.</span> <span class='ocrx_word' id='word_1_145' title='bbox 1046 2162 1092 2217; x_wconf 87' lang='lat' dir='ltr'>ed.</span> <span class='ocrx_word' id='word_1_146' title='bbox 1108 2162 1175 2217; x_wconf 89' lang='lat' dir='ltr'>min.</span> <span class='ocrx_word' id='word_1_147' title='bbox 1193 2163 1240 2230; x_wconf 93' lang='lat' dir='ltr'>lV,</span> <span class='ocrx_word' id='word_1_148' title='bbox 1259 2166 1304 2222; x_wconf 94' lang='grc'>66.</span> 
     </span>
     <span class='ocr_line' id='line_1_19' title="bbox 219 2246 1304 2320; baseline -0.004 -15"><span class='ocrx_word' id='word_1_149' title='bbox 219 2264 249 2320; x_wconf 87' lang='lat' dir='ltr'>p.</span> <span class='ocrx_word' id='word_1_150' title='bbox 263 2251 326 2316; x_wconf 87' lang='grc'><strong>669,</strong></span> <span class='ocrx_word' id='word_1_151' title='bbox 341 2252 384 2306; x_wconf 91' lang='grc'>64.</span> <span class='ocrx_word' id='word_1_152' title='bbox 413 2247 497 2302; x_wconf 86' lang='lat' dir='ltr'>Debr.</span> <span class='ocrx_word' id='word_1_153' title='bbox 513 2248 547 2318; x_wconf 91' lang='lat' dir='ltr'>V,</span> <span class='ocrx_word' id='word_1_154' title='bbox 566 2250 621 2315; x_wconf 84' lang='lat'>63.]</span> <span class='ocrx_word' id='word_1_155' title='bbox 665 2249 770 2317; x_wconf 85' lang='lat' dir='ltr'>Verba,</span> <span class='ocrx_word' id='word_1_156' title='bbox 796 2264 867 2320; x_wconf 88' lang='lat' dir='ltr'>quae</span> <span class='ocrx_word' id='word_1_157' title='bbox 890 2249 1020 2320; x_wconf 84' lang='lat' dir='ltr'>leguntur</span> <span class='ocrx_word' id='word_1_158' title='bbox 1041 2247 1119 2319; x_wconf 74' lang='lat' dir='ltr'>opud</span> <span class='ocrx_word' id='word_1_159' title='bbox 1145 2248 1244 2303; x_wconf 84' lang='lat' dir='ltr'>Donat.</span> <span class='ocrx_word' id='word_1_160' title='bbox 1267 2246 1304 2302; x_wconf 83' lang='lat' dir='ltr'>ad</span> 
     </span>
     <span class='ocr_line' id='line_1_20' title="bbox 221 2333 1352 2406; baseline 0 -20"><span class='ocrx_word' id='word_1_161' title='bbox 221 2333 285 2387; x_wconf 88' lang='lat' dir='ltr'>Ter.</span> <span class='ocrx_word' id='word_1_162' title='bbox 298 2334 389 2389; x_wconf 84' lang='lat' dir='ltr'><strong>Andr.</strong></span> <span class='ocrx_word' id='word_1_163' title='bbox 400 2334 422 2401; x_wconf 90' lang='grc' dir='ltr'>Ι,</span> <span class='ocrx_word' id='word_1_164' title='bbox 436 2340 459 2402; x_wconf 90' lang='grc'>1,</span> <span class='ocrx_word' id='word_1_165' title='bbox 472 2336 527 2401; x_wconf 69' lang='grc'>67,</span> <span class='ocrx_word' id='word_1_166' title='bbox 542 2333 579 2388; x_wconf 83' lang='lat' dir='ltr'>ad</span> <span class='ocrx_word' id='word_1_167' title='bbox 591 2333 712 2391; x_wconf 85' lang='lat' dir='ltr'>eandem</span> <span class='ocrx_word' id='word_1_168' title='bbox 727 2351 785 2390; x_wconf 90' lang='lat' dir='ltr'>rem</span> <span class='ocrx_word' id='word_1_169' title='bbox 801 2334 952 2406; x_wconf 85' lang='lat' dir='ltr'>pertinere,</span> <span class='ocrx_word' id='word_1_170' title='bbox 968 2349 1052 2404; x_wconf 83' lang='lat' dir='ltr'>quam</span> <span class='ocrx_word' id='word_1_171' title='bbox 1064 2334 1175 2404; x_wconf 82' lang='lat' dir='ltr'>Fragm.</span> <span class='ocrx_word' id='word_1_172' title='bbox 1189 2349 1304 2404; x_wconf 85' lang='lat' dir='ltr'>praece·</span> <span class='ocrx_word' id='word_1_173' title='bbox 1350 2397 1352 2400; x_wconf 22' lang='lat'>¹</span> 
     </span>
     <span class='ocr_line' id='line_1_21' title="bbox 223 2417 1303 2490; baseline -0.001 -18"><span class='ocrx_word' id='word_1_174' title='bbox 223 2417 302 2486; x_wconf 91' lang='lat' dir='ltr'>dens,</span> <span class='ocrx_word' id='word_1_175' title='bbox 311 2417 389 2474; x_wconf 85' lang='lat' dir='ltr'>haud</span> <span class='ocrx_word' id='word_1_176' title='bbox 396 2419 503 2473; x_wconf 80' lang='lat' dir='ltr'>absone</span> <span class='ocrx_word' id='word_1_177' title='bbox 512 2419 655 2474; x_wconf 79' lang='lat' dir='ltr'>coniicias¹</span> <span class='ocrx_word' id='word_1_178' title='bbox 672 2417 743 2474; x_wconf 89' lang='lat' dir='ltr'>Nam</span> <span class='ocrx_word' id='word_1_179' title='bbox 759 2436 844 2490; x_wconf 88' lang='lat' dir='ltr'>quum</span> <span class='ocrx_word' id='word_1_180' title='bbox 857 2419 989 2474; x_wconf 84' lang='lat' dir='ltr'>Lucullus</span> <span class='ocrx_word' id='word_1_181' title='bbox 1004 2423 1125 2474; x_wconf 89' lang='lat' dir='ltr'>montem</span> <span class='ocrx_word' id='word_1_182' title='bbox 1137 2419 1303 2474; x_wconf 83' lang='lat' dir='ltr'>Mithridatis</span> 
     </span>
     <span class='ocr_line' id='line_1_22' title="bbox 222 2503 1328 2575; baseline -0.002 -17"><span class='ocrx_word' id='word_1_183' title='bbox 222 2503 322 2558; x_wconf 86' lang='lat' dir='ltr'>eastris</span> <span class='ocrx_word' id='word_1_184' title='bbox 336 2504 529 2560; x_wconf 87' lang='lat' dir='ltr'>imminentem</span> <span class='ocrx_word' id='word_1_185' title='bbox 541 2504 652 2574; x_wconf 82' lang='lat' dir='ltr'>magnis</span> <span class='ocrx_word' id='word_1_186' title='bbox 660 2504 793 2573; x_wconf 82' lang='lat' dir='ltr'>operibus</span> <span class='ocrx_word' id='word_1_187' title='bbox 804 2505 951 2571; x_wconf 74' lang='lat' dir='ltr'>munisset,</span> <span class='ocrx_word' id='word_1_188' title='bbox 959 2504 1014 2559; x_wconf 90' lang='lat' dir='ltr'>hoc</span> <span class='ocrx_word' id='word_1_189' title='bbox 1026 2505 1119 2575; x_wconf 92' lang='lat' dir='ltr'>ipsum</span> <span class='ocrx_word' id='word_1_190' title='bbox 1128 2504 1211 2559; x_wconf 91' lang='lat' dir='ltr'>huius</span> <span class='ocrx_word' id='word_1_191' title='bbox 1219 2505 1304 2574; x_wconf 78' lang='lat' dir='ltr'>Frag-</span> <span class='ocrx_word' id='word_1_192' title='bbox 1325 2532 1328 2538; x_wconf 93' lang='lat'>·</span> 
     </span>
     <span class='ocr_line' id='line_1_23' title="bbox 222 2587 1304 2664; baseline 0.001 -24"><span class='ocrx_word' id='word_1_193' title='bbox 222 2587 307 2641; x_wconf 92' lang='lat' dir='ltr'>menti</span> <span class='ocrx_word' id='word_1_194' title='bbox 314 2587 409 2644; x_wconf 86' lang='lat' dir='ltr'>verbis</span> <span class='ocrx_word' id='word_1_195' title='bbox 418 2587 606 2658; x_wconf 80' lang='lat' dir='ltr'>significatum</span> <span class='ocrx_word' id='word_1_196' title='bbox 614 2589 787 2659; x_wconf 88' lang='lat' dir='ltr'>luisseputo,</span> <span class='ocrx_word' id='word_1_197' title='bbox 801 2604 968 2660; x_wconf 83' lang='lat' dir='ltr'>quamquam</span> <span class='ocrx_word' id='word_1_198' title='bbox 984 2590 1012 2644; x_wconf 91' lang='lat' dir='ltr'>in</span> <span class='ocrx_word' id='word_1_199' title='bbox 1029 2592 1147 2664; x_wconf 81' lang='lat' dir='ltr'>abrupte</span> <span class='ocrx_word' id='word_1_200' title='bbox 1167 2595 1304 2644; x_wconf 83' lang='lat' dir='ltr'>structura</span> 
     </span>
     <span class='ocr_line' id='line_1_24' title="bbox 223 2670 1305 2746; baseline 0.001 -21"><span class='ocrx_word' id='word_1_201' title='bbox 223 2670 416 2727; x_wconf 90' lang='lat' dir='ltr'>dillieillimum</span> <span class='ocrx_word' id='word_1_202' title='bbox 432 2678 483 2739; x_wconf 88' lang='lat' dir='ltr'>est,</span> <span class='ocrx_word' id='word_1_203' title='bbox 501 2689 572 2744; x_wconf 86' lang='lat' dir='ltr'>quae</span> <span class='ocrx_word' id='word_1_204' title='bbox 588 2673 721 2729; x_wconf 81' lang='lat' dir='ltr'>orationis</span> <span class='ocrx_word' id='word_1_205' title='bbox 737 2675 827 2730; x_wconf 89' lang='lat' dir='ltr'>lorma</span> <span class='ocrx_word' id='word_1_206' title='bbox 846 2674 937 2741; x_wconf 88' lang='lat' dir='ltr'>luerit,</span> <span class='ocrx_word' id='word_1_207' title='bbox 954 2674 1105 2746; x_wconf 64' lang='lat' dir='ltr'>expedire.</span> <span class='ocrx_word' id='word_1_208' title='bbox 1132 2673 1234 2730; x_wconf 83' lang='lat' dir='ltr'>Tamen</span> <span class='ocrx_word' id='word_1_209' title='bbox 1252 2673 1305 2728; x_wconf 88' lang='lat' dir='ltr'>Do-</span> 
     </span>
    </p>
   </div>
   <div class='ocr_carea' id='block_1_4' title="bbox 129 2756 1304 2831">
    <p class='ocr_par' dir='ltr' id='par_1_5' title="bbox 129 2756 1304 2831">
     <span class='ocr_line' id='line_1_25' title="bbox 129 2756 1304 2831; baseline 0.003 -22"><span class='ocrx_word' id='word_1_210' title='bbox 129 2756 134 2764; x_wconf 91' lang='lat'>&#39;</span> <span class='ocrx_word' id='word_1_211' title='bbox 223 2763 305 2812; x_wconf 83' lang='lat' dir='ltr'>natus</span> <span class='ocrx_word' id='word_1_212' title='bbox 322 2759 367 2814; x_wconf 84' lang='grc' dir='ltr'>ΙΙ.</span> <span class='ocrx_word' id='word_1_213' title='bbox 379 2762 472 2813; x_wconf 88' lang='lat' dir='ltr'>monet</span> <span class='ocrx_word' id='word_1_214' title='bbox 487 2758 525 2814; x_wconf 85' lang='lat' dir='ltr'>ita</span> <span class='ocrx_word' id='word_1_215' title='bbox 538 2758 661 2829; x_wconf 90' lang='lat' dir='ltr'>positum</span> <span class='ocrx_word' id='word_1_216' title='bbox 678 2775 754 2826; x_wconf 87' lang='lat' dir='ltr'>esse,</span> <span class='ocrx_word' id='word_1_217' title='bbox 769 2765 798 2814; x_wconf 92' lang='lat' dir='ltr'>ut</span> <span class='ocrx_word' id='word_1_218' title='bbox 812 2759 996 2815; x_wconf 82' lang='lat' dir='ltr'>releraturad</span> <span class='ocrx_word' id='word_1_219' title='bbox 1007 2760 1226 2831; x_wconf 74' lang='lat' dir='ltr'>praecedentem</span> <span class='ocrx_word' id='word_1_220' title='bbox 1239 2772 1304 2814; x_wconf 90' lang='lat' dir='ltr'>con-</span> 
     </span>
    </p>
   </div>
   <div class='ocr_carea' id='block_1_5' title="bbox 218 2843 1313 4364">
    <p class='ocr_par' dir='ltr' id='par_1_6' title="bbox 223 2843 1306 3088">
     <span class='ocr_line' id='line_1_26' title="bbox 223 2843 1306 2916; baseline 0.002 -20"><span class='ocrx_word' id='word_1_221' title='bbox 223 2843 365 2898; x_wconf 86' lang='lat' dir='ltr'>cessivam</span> <span class='ocrx_word' id='word_1_222' title='bbox 380 2844 546 2898; x_wconf 83' lang='lat' dir='ltr'>sententiam</span> <span class='ocrx_word' id='word_1_223' title='bbox 562 2843 669 2903; x_wconf 81' lang='lat' dir='ltr'>omissa</span> <span class='ocrx_word' id='word_1_224' title='bbox 682 2845 820 2915; x_wconf 82' lang='lat' dir='ltr'>particula</span> <span class='ocrx_word' id='word_1_225' title='bbox 835 2846 1012 2913; x_wconf 82' lang='lat' dir='ltr'>concessive,</span> <span class='ocrx_word' id='word_1_226' title='bbox 1029 2845 1066 2899; x_wconf 90' lang='lat' dir='ltr'>de</span> <span class='ocrx_word' id='word_1_227' title='bbox 1081 2863 1136 2916; x_wconf 90' lang='lat' dir='ltr'>quo</span> <span class='ocrx_word' id='word_1_228' title='bbox 1151 2862 1205 2901; x_wconf 90' lang='lat' dir='ltr'>usu</span> <span class='ocrx_word' id='word_1_229' title='bbox 1216 2861 1242 2900; x_wconf 85' lang='lat' dir='ltr'>v.</span> <span class='ocrx_word' id='word_1_230' title='bbox 1257 2860 1306 2899; x_wconf 47' lang='lat' dir='ltr'>ana</span> 
     </span>
     <span class='ocr_line' id='line_1_27' title="bbox 223 2927 1137 3003; baseline 0.003 -22"><span class='ocrx_word' id='word_1_231' title='bbox 223 2932 310 2982; x_wconf 85' lang='lat' dir='ltr'>notat.</span> <span class='ocrx_word' id='word_1_232' title='bbox 329 2927 366 2982; x_wconf 83' lang='lat' dir='ltr'>ad</span> <span class='ocrx_word' id='word_1_233' title='bbox 379 2928 440 3000; x_wconf 79' lang='lat' dir='ltr'>lug.</span> <span class='ocrx_word' id='word_1_234' title='bbox 455 2946 480 2985; x_wconf 94' lang='lat' dir='ltr'>c.</span> <span class='ocrx_word' id='word_1_235' title='bbox 496 2929 552 2996; x_wconf 91' lang='lat' dir='ltr'>LV,</span> <span class='ocrx_word' id='word_1_236' title='bbox 568 2935 592 2987; x_wconf 94' lang='lat'>1.</span> <span class='ocrx_word' id='word_1_237' title='bbox 608 2945 637 3000; x_wconf 88' lang='lat' dir='ltr'>p.</span> <span class='ocrx_word' id='word_1_238' title='bbox 654 2933 716 2988; x_wconf 84' lang='grc'><strong>393.</strong></span> <span class='ocrx_word' id='word_1_239' title='bbox 734 2937 760 2986; x_wconf 90' lang='lat' dir='ltr'>et</span> <span class='ocrx_word' id='word_1_240' title='bbox 779 2947 865 3002; x_wconf 83' lang='lat' dir='ltr'>supra</span> <span class='ocrx_word' id='word_1_241' title='bbox 880 2929 918 2985; x_wconf 83' lang='lat' dir='ltr'>ad</span> <span class='ocrx_word' id='word_1_242' title='bbox 932 2931 977 2986; x_wconf 89' lang='lat' dir='ltr'>Fr.</span> <span class='ocrx_word' id='word_1_243' title='bbox 994 2931 1016 3003; x_wconf 88' lang='grc' dir='ltr'>Ι,</span> <span class='ocrx_word' id='word_1_244' title='bbox 1032 2934 1076 2998; x_wconf 86' lang='grc'>46,</span> <span class='ocrx_word' id='word_1_245' title='bbox 1095 2936 1137 2990; x_wconf 90' lang='grc'><strong>,18.</strong></span> 
     </span>
     <span class='ocr_line' id='line_1_28' title="bbox 306 3011 1303 3088; baseline -0.001 -20"><span class='ocrx_word' id='word_1_246' title='bbox 306 3015 351 3068; x_wconf 87' lang='lat' dir='ltr'>Fr.</span> <span class='ocrx_word' id='word_1_247' title='bbox 369 3018 411 3072; x_wconf 88' lang='grc'>19.</span> <span class='ocrx_word' id='word_1_248' title='bbox 434 3011 519 3088; x_wconf 80' lang='lat' dir='ltr'>[Cort.</span> <span class='ocrx_word' id='word_1_249' title='bbox 539 3032 567 3085; x_wconf 92' lang='lat' dir='ltr'>p.</span> <span class='ocrx_word' id='word_1_250' title='bbox 591 3019 667 3073; x_wconf 83' lang='lat'>1008.</span> <span class='ocrx_word' id='word_1_251' title='bbox 688 3015 763 3072; x_wconf 86' lang='lat' dir='ltr'>Gerl.</span> <span class='ocrx_word' id='word_1_252' title='bbox 785 3017 831 3071; x_wconf 92' lang='lat' dir='ltr'>ed.</span> <span class='ocrx_word' id='word_1_253' title='bbox 849 3016 915 3070; x_wconf 83' lang='lat' dir='ltr'>mai.</span> <span class='ocrx_word' id='word_1_254' title='bbox 937 3016 994 3070; x_wconf 91' lang='lat' dir='ltr'>lnc.</span> <span class='ocrx_word' id='word_1_255' title='bbox 1017 3021 1078 3074; x_wconf 88' lang='grc'><strong>161.</strong></span> <span class='ocrx_word' id='word_1_256' title='bbox 1099 3015 1146 3070; x_wconf 87' lang='lat' dir='ltr'>ed.</span> <span class='ocrx_word' id='word_1_257' title='bbox 1163 3016 1231 3070; x_wconf 92' lang='lat' dir='ltr'>min.</span> <span class='ocrx_word' id='word_1_258' title='bbox 1247 3016 1303 3074; x_wconf 89' lang='lat' dir='ltr'>lnc.</span> 
     </span>
    </p>

    <p class='ocr_par' dir='ltr' id='par_1_7' title="bbox 222 3100 1309 3596">
     <span class='ocr_line' id='line_1_29' title="bbox 222 3100 1304 3172; baseline -0.003 -15"><span class='ocrx_word' id='word_1_259' title='bbox 222 3103 266 3157; x_wconf 82' lang='grc'>36.</span> <span class='ocrx_word' id='word_1_260' title='bbox 281 3115 309 3170; x_wconf 85' lang='lat' dir='ltr'>p.</span> <span class='ocrx_word' id='word_1_261' title='bbox 327 3103 389 3159; x_wconf 88' lang='grc'><strong>638.</strong></span> <span class='ocrx_word' id='word_1_262' title='bbox 404 3104 432 3157; x_wconf 95' lang='grc'>4.</span> <span class='ocrx_word' id='word_1_263' title='bbox 448 3101 530 3156; x_wconf 91' lang='lat' dir='ltr'>Debr.</span> <span class='ocrx_word' id='word_1_264' title='bbox 546 3100 596 3167; x_wconf 85' lang='grc' dir='ltr'><strong>ΙΙΙ,</strong></span> <span class='ocrx_word' id='word_1_265' title='bbox 612 3106 656 3158; x_wconf 84' lang='grc'>56.</span> <span class='ocrx_word' id='word_1_266' title='bbox 673 3101 724 3168; x_wconf 88' lang='grc' dir='ltr'>ΙΠ,</span> <span class='ocrx_word' id='word_1_267' title='bbox 741 3102 814 3168; x_wconf 84' lang='grc'><strong>131]</strong></span> <span class='ocrx_word' id='word_1_268' title='bbox 830 3101 940 3168; x_wconf 70' lang='lat' dir='ltr'>Verbo,</span> <span class='ocrx_word' id='word_1_269' title='bbox 957 3116 1028 3171; x_wconf 86' lang='lat' dir='ltr'>queo</span> <span class='ocrx_word' id='word_1_270' title='bbox 1044 3102 1133 3156; x_wconf 85' lang='lat' dir='ltr'>attulit</span> <span class='ocrx_word' id='word_1_271' title='bbox 1144 3100 1304 3172; x_wconf 80' lang='lat' dir='ltr'>Philargyr.</span> 
     </span>
     <span class='ocr_line' id='line_1_30' title="bbox 222 3183 1304 3258; baseline 0.002 -20"><span class='ocrx_word' id='word_1_272' title='bbox 222 3183 259 3238; x_wconf 85' lang='lat' dir='ltr'>ed</span> <span class='ocrx_word' id='word_1_273' title='bbox 283 3185 363 3257; x_wconf 84' lang='lat' dir='ltr'>Virg.</span> <span class='ocrx_word' id='word_1_274' title='bbox 384 3186 487 3258; x_wconf 82' lang='lat' dir='ltr'>Georg.</span> <span class='ocrx_word' id='word_1_275' title='bbox 508 3186 562 3252; x_wconf 81' lang='grc' dir='ltr'><strong>ΙΙΙ,</strong></span> <span class='ocrx_word' id='word_1_276' title='bbox 585 3189 662 3251; x_wconf 87' lang='grc'><strong>693,</strong></span> <span class='ocrx_word' id='word_1_277' title='bbox 688 3185 841 3239; x_wconf 85' lang='lat' dir='ltr'>admodum</span> <span class='ocrx_word' id='word_1_278' title='bbox 865 3191 929 3240; x_wconf 91' lang='lat' dir='ltr'>sunt</span> <span class='ocrx_word' id='word_1_279' title='bbox 951 3189 1082 3242; x_wconf 83' lang='lat' dir='ltr'>obscure.</span> <span class='ocrx_word' id='word_1_280' title='bbox 1117 3185 1304 3241; x_wconf 69' lang='lat' dir='ltr'>Nihilominus</span> 
     </span>
     <span class='ocr_line' id='line_1_31' title="bbox 223 3269 1306 3343; baseline 0.001 -20"><span class='ocrx_word' id='word_1_281' title='bbox 223 3287 259 3324; x_wconf 88' lang='lat' dir='ltr'>ex</span> <span class='ocrx_word' id='word_1_282' title='bbox 275 3272 366 3342; x_wconf 84' lang='lat' dir='ltr'>stagni</span> <span class='ocrx_word' id='word_1_283' title='bbox 383 3271 648 3326; x_wconf 76' lang='lat' dir='ltr'>commemoratione</span> <span class='ocrx_word' id='word_1_284' title='bbox 666 3270 768 3324; x_wconf 89' lang='lat' dir='ltr'>coniici</span> <span class='ocrx_word' id='word_1_285' title='bbox 782 3285 870 3340; x_wconf 88' lang='lat' dir='ltr'>posse</span> <span class='ocrx_word' id='word_1_286' title='bbox 885 3269 997 3326; x_wconf 87' lang='lat' dir='ltr'>videtur</span> <span class='ocrx_word' id='word_1_287' title='bbox 1014 3271 1051 3326; x_wconf 83' lang='lat' dir='ltr'>ad</span> <span class='ocrx_word' id='word_1_288' title='bbox 1069 3269 1164 3343; x_wconf 85' lang='lat' dir='ltr'>Cyzici</span> <span class='ocrx_word' id='word_1_289' title='bbox 1182 3270 1306 3327; x_wconf 88' lang='lat' dir='ltr'>obsidio·</span> 
     </span>
     <span class='ocr_line' id='line_1_32' title="bbox 224 3346 1309 3452; baseline 0.006 -45"><span class='ocrx_word' id='word_1_290' title='bbox 224 3370 286 3407; x_wconf 88' lang='lat' dir='ltr'>nem</span> <span class='ocrx_word' id='word_1_291' title='bbox 301 3355 485 3424; x_wconf 89' lang='lat' dir='ltr'>pertinuisse,</span> <span class='ocrx_word' id='word_1_292' title='bbox 501 3354 602 3409; x_wconf 85' lang='lat' dir='ltr'>collato</span> <span class='ocrx_word' id='word_1_293' title='bbox 625 3354 755 3424; x_wconf 84' lang='lat' dir='ltr'>Appiano</span> <span class='ocrx_word' id='word_1_294' title='bbox 771 3353 870 3410; x_wconf 87' lang='lat' dir='ltr'>Mithr.</span> <span class='ocrx_word' id='word_1_295' title='bbox 890 3371 916 3410; x_wconf 91' lang='lat' dir='ltr'>c</span> <span class='ocrx_word' id='word_1_296' title='bbox 938 3358 989 3424; x_wconf 87' lang='grc'>76,</span> <span class='ocrx_word' id='word_1_297' title='bbox 1012 3362 1082 3412; x_wconf 83' lang='lat' dir='ltr'>extr.</span> <span class='ocrx_word' id='word_1_298' title='bbox 1097 3346 1306 3452; x_wconf 73' lang='grc' dir='ltr'><em>Ἕμελδον(οι</em></span> <span class='ocrx_word' id='word_1_299' title='bbox 1298 3349 1309 3372; x_wconf 72' lang='lat'><em>‘</em></span> 
     </span>
     <span class='ocr_line' id='line_1_33' title="bbox 218 3425 1306 3535; baseline 0.003 -43.014"><span class='ocrx_word' id='word_1_300' title='bbox 218 3425 366 3509; x_wconf 85' lang='grc' dir='ltr'><em>Ρωμαιοι)</em></span> <span class='ocrx_word' id='word_1_301' title='bbox 380 3428 582 3535; x_wconf 77' lang='grc' dir='ltr'><em>Μιθριδάτην</em></span> <span class='ocrx_word' id='word_1_302' title='bbox 597 3432 722 3534; x_wconf 76' lang='grc' dir='ltr'><em>λίμνῃ</em></span> <span class='ocrx_word' id='word_1_303' title='bbox 726 3427 821 3494; x_wconf 78' lang='grc' dir='ltr'><em>ιιαδ”</em></span> <span class='ocrx_word' id='word_1_304' title='bbox 803 3449 907 3516; x_wconf 84' lang='grc' dir='ltr'><em>ορεσι</em></span> <span class='ocrx_word' id='word_1_305' title='bbox 925 3434 985 3496; x_wconf 86' lang='grc' dir='ltr'><em>και</em></span> <span class='ocrx_word' id='word_1_306' title='bbox 1007 3457 1196 3514; x_wconf 86' lang='grc' dir='ltr'><em>ποταμοις</em></span> <span class='ocrx_word' id='word_1_307' title='bbox 1218 3427 1306 3496; x_wconf 84' lang='grc' dir='ltr'><em>άπο-</em></span> 
     </span>
     <span class='ocr_line' id='line_1_34' title="bbox 224 3509 819 3596; baseline 0.005 -20"><span class='ocrx_word' id='word_1_308' title='bbox 224 3517 390 3578; x_wconf 79' lang='grc' dir='ltr'><em>κλείσειν</em></span> <span class='ocrx_word' id='word_1_309' title='bbox 410 3521 470 3578; x_wconf 77' lang='grc' dir='ltr'>τῶν</span> <span class='ocrx_word' id='word_1_310' title='bbox 487 3511 563 3579; x_wconf 82' lang='grc' dir='ltr'><em>κατά</em></span> <span class='ocrx_word' id='word_1_311' title='bbox 583 3520 641 3596; x_wconf 78' lang='grc' dir='ltr'>γῆν</span> <span class='ocrx_word' id='word_1_312' title='bbox 656 3509 819 3580; x_wconf 81' lang='grc' dir='ltr'>διιτάντοιν.Ι</span> 
     </span>
    </p>

    <p class='ocr_par' dir='ltr' id='par_1_8' title="bbox 222 3605 1313 4364">
     <span class='ocr_line' id='line_1_35' title="bbox 252 3605 1305 3680; baseline 0.004 -15"><span class='ocrx_word' id='word_1_313' title='bbox 252 3661 254 3665; x_wconf 81' lang='grc'><strong>,</strong></span> <span class='ocrx_word' id='word_1_314' title='bbox 308 3607 354 3661; x_wconf 86' lang='lat' dir='ltr'>Fr.</span> <span class='ocrx_word' id='word_1_315' title='bbox 370 3614 415 3666; x_wconf 87' lang='grc'>60.</span> <span class='ocrx_word' id='word_1_316' title='bbox 434 3605 520 3680; x_wconf 89' lang='lat' dir='ltr'>[Cort.</span> <span class='ocrx_word' id='word_1_317' title='bbox 536 3627 564 3680; x_wconf 93' lang='lat' dir='ltr'>p.</span> <span class='ocrx_word' id='word_1_318' title='bbox 579 3610 642 3666; x_wconf 84' lang='grc'>967</span> <span class='ocrx_word' id='word_1_319' title='bbox 658 3608 733 3664; x_wconf 86' lang='lat' dir='ltr'>Gerl.</span> <span class='ocrx_word' id='word_1_320' title='bbox 749 3610 795 3664; x_wconf 88' lang='lat' dir='ltr'>cd.</span> <span class='ocrx_word' id='word_1_321' title='bbox 812 3611 877 3664; x_wconf 85' lang='lat' dir='ltr'>mai.</span> <span class='ocrx_word' id='word_1_322' title='bbox 894 3611 947 3680; x_wconf 84' lang='lat' dir='ltr'>Ill,</span> <span class='ocrx_word' id='word_1_323' title='bbox 970 3616 1013 3669; x_wconf 89' lang='grc'>18.</span> <span class='ocrx_word' id='word_1_324' title='bbox 1035 3611 1082 3666; x_wconf 89' lang='lat' dir='ltr'>ed.</span> <span class='ocrx_word' id='word_1_325' title='bbox 1102 3612 1168 3666; x_wconf 92' lang='lat' dir='ltr'>min.</span> <span class='ocrx_word' id='word_1_326' title='bbox 1191 3611 1240 3678; x_wconf 90' lang='grc' dir='ltr'><strong>ΙΙΙ,</strong></span> <span class='ocrx_word' id='word_1_327' title='bbox 1262 3614 1305 3668; x_wconf 75' lang='grc'>66·</span> 
     </span>
     <span class='ocr_line' id='line_1_36' title="bbox 222 3693 1306 3767; baseline 0 -18"><span class='ocrx_word' id='word_1_328' title='bbox 222 3708 252 3762; x_wconf 86' lang='lat' dir='ltr'>p.</span> <span class='ocrx_word' id='word_1_329' title='bbox 267 3695 334 3760; x_wconf 87' lang='grc'><strong>619,</strong></span> <span class='ocrx_word' id='word_1_330' title='bbox 351 3697 378 3751; x_wconf 83' lang='grc'>3.</span> <span class='ocrx_word' id='word_1_331' title='bbox 395 3693 477 3747; x_wconf 87' lang='lat' dir='ltr'>Debr.</span> <span class='ocrx_word' id='word_1_332' title='bbox 499 3694 550 3761; x_wconf 92' lang='lat' dir='ltr'>Ill,</span> <span class='ocrx_word' id='word_1_333' title='bbox 573 3695 630 3761; x_wconf 82' lang='lat'>34.]</span> <span class='ocrx_word' id='word_1_334' title='bbox 653 3695 724 3750; x_wconf 90' lang='lat' dir='ltr'>Nou.</span> <span class='ocrx_word' id='word_1_335' title='bbox 749 3696 788 3766; x_wconf 91' lang='lat' dir='ltr'>ll,</span> <span class='ocrx_word' id='word_1_336' title='bbox 809 3699 872 3755; x_wconf 78' lang='lat'>899.</span> <span class='ocrx_word' id='word_1_337' title='bbox 890 3713 919 3767; x_wconf 87' lang='lat' dir='ltr'>p·</span> <span class='ocrx_word' id='word_1_338' title='bbox 941 3699 1067 3763; x_wconf 85' lang='grc'><strong>186,14.</strong></span> <span class='ocrx_word' id='word_1_339' title='bbox 1085 3696 1232 3751; x_wconf 86' lang='lat' dir='ltr'>ed.Merc.</span> <span class='ocrx_word' id='word_1_340' title='bbox 1266 3696 1306 3749; x_wconf 82' lang='lat' dir='ltr'>lle</span> 
     </span>
     <span class='ocr_line' id='line_1_37' title="bbox 224 3775 1306 3849; baseline 0 -17"><span class='ocrx_word' id='word_1_341' title='bbox 224 3778 338 3832; x_wconf 91' lang='lat' dir='ltr'>Lucullo</span> <span class='ocrx_word' id='word_1_342' title='bbox 354 3779 400 3849; x_wconf 82' lang='lat' dir='ltr'>egi</span> <span class='ocrx_word' id='word_1_343' title='bbox 418 3775 574 3848; x_wconf 82' lang='lat' dir='ltr'>Cyzicenos</span> <span class='ocrx_word' id='word_1_344' title='bbox 591 3777 625 3832; x_wconf 87' lang='lat' dir='ltr'>de</span> <span class='ocrx_word' id='word_1_345' title='bbox 641 3779 764 3836; x_wconf 87' lang='lat' dir='ltr'>adventu</span> <span class='ocrx_word' id='word_1_346' title='bbox 780 3797 832 3835; x_wconf 93' lang='lat' dir='ltr'>suo</span> <span class='ocrx_word' id='word_1_347' title='bbox 854 3782 988 3836; x_wconf 86' lang='lat' dir='ltr'>certiores</span> <span class='ocrx_word' id='word_1_348' title='bbox 1009 3782 1128 3838; x_wconf 81' lang='lat' dir='ltr'>iaciente</span> <span class='ocrx_word' id='word_1_349' title='bbox 1149 3782 1306 3836; x_wconf 83' lang='lat' dir='ltr'>clarissime</span> 
     </span>
     <span class='ocr_line' id='line_1_38' title="bbox 224 3863 1306 3936; baseline 0.004 -20"><span class='ocrx_word' id='word_1_350' title='bbox 224 3868 301 3934; x_wconf 83' lang='lat' dir='ltr'>petet</span> <span class='ocrx_word' id='word_1_351' title='bbox 317 3879 353 3918; x_wconf 90' lang='lat' dir='ltr'>ex</span> <span class='ocrx_word' id='word_1_352' title='bbox 373 3863 521 3931; x_wconf 89' lang='lat' dir='ltr'>Frontino,</span> <span class='ocrx_word' id='word_1_353' title='bbox 542 3863 626 3918; x_wconf 92' lang='lat' dir='ltr'>Floro</span> <span class='ocrx_word' id='word_1_354' title='bbox 649 3871 676 3918; x_wconf 92' lang='lat' dir='ltr'>et</span> <span class='ocrx_word' id='word_1_355' title='bbox 694 3865 811 3933; x_wconf 88' lang='lat' dir='ltr'>Orosio,</span> <span class='ocrx_word' id='word_1_356' title='bbox 835 3868 881 3936; x_wconf 92' lang='lat' dir='ltr'>qui</span> <span class='ocrx_word' id='word_1_357' title='bbox 899 3866 1020 3922; x_wconf 84' lang='lat' dir='ltr'>eandem</span> <span class='ocrx_word' id='word_1_358' title='bbox 1038 3883 1096 3921; x_wconf 90' lang='lat' dir='ltr'>rem</span> <span class='ocrx_word' id='word_1_359' title='bbox 1123 3867 1160 3921; x_wconf 82' lang='lat' dir='ltr'>ita</span> <span class='ocrx_word' id='word_1_360' title='bbox 1182 3873 1306 3932; x_wconf 85' lang='lat' dir='ltr'>narrant,</span> 
     </span>
     <span class='ocr_line' id='line_1_39' title="bbox 226 3948 1305 4024; baseline 0.001 -22"><span class='ocrx_word' id='word_1_361' title='bbox 226 3953 271 4015; x_wconf 89' lang='lat' dir='ltr'>ut,</span> <span class='ocrx_word' id='word_1_362' title='bbox 287 3949 354 4019; x_wconf 89' lang='lat' dir='ltr'>quin</span> <span class='ocrx_word' id='word_1_363' title='bbox 369 3963 467 4004; x_wconf 91' lang='lat' dir='ltr'>omnes</span> <span class='ocrx_word' id='word_1_364' title='bbox 483 3965 519 4004; x_wconf 88' lang='lat' dir='ltr'>ex</span> <span class='ocrx_word' id='word_1_365' title='bbox 531 3948 663 4006; x_wconf 88' lang='lat' dir='ltr'>Sallustio</span> <span class='ocrx_word' id='word_1_366' title='bbox 680 3949 834 4019; x_wconf 84' lang='lat' dir='ltr'>hauserint,</span> <span class='ocrx_word' id='word_1_367' title='bbox 851 3951 969 4008; x_wconf 79' lang='lat' dir='ltr'>dubitari</span> <span class='ocrx_word' id='word_1_368' title='bbox 984 3957 1115 4024; x_wconf 81' lang='lat' dir='ltr'>nequeat.</span> <span class='ocrx_word' id='word_1_369' title='bbox 1131 3952 1166 4006; x_wconf 91' lang='lat' dir='ltr'>cl.</span> <span class='ocrx_word' id='word_1_370' title='bbox 1182 3952 1305 4006; x_wconf 88' lang='lat' dir='ltr'>Frontin.</span> 
     </span>
     <span class='ocr_line' id='line_1_40' title="bbox 226 4031 1310 4110; baseline 0.001 -22"><span class='ocrx_word' id='word_1_371' title='bbox 226 4031 346 4104; x_wconf 85' lang='lat' dir='ltr'>Strateg.</span> <span class='ocrx_word' id='word_1_372' title='bbox 361 4034 411 4101; x_wconf 91' lang='lat'>111,</span> <span class='ocrx_word' id='word_1_373' title='bbox 433 4039 482 4102; x_wconf 87' lang='grc'>13,</span> <span class='ocrx_word' id='word_1_374' title='bbox 503 4038 528 4092; x_wconf 87' lang='grc'>6.</span> <span class='ocrx_word' id='word_1_375' title='bbox 547 4035 581 4090; x_wconf 88' lang='lat' dir='ltr'>L.</span> <span class='ocrx_word' id='word_1_376' title='bbox 603 4035 735 4092; x_wconf 81' lang='lat' dir='ltr'>Lucullus</span> <span class='ocrx_word' id='word_1_377' title='bbox 750 4035 899 4110; x_wconf 76' lang='lat' dir='ltr'>Cyzicenos</span> <span class='ocrx_word' id='word_1_378' title='bbox 919 4038 1041 4093; x_wconf 81' lang='lat' dir='ltr'>obsessos</span> <span class='ocrx_word' id='word_1_379' title='bbox 1060 4055 1079 4091; x_wconf 84' lang='lat' dir='ltr'>o</span> <span class='ocrx_word' id='word_1_380' title='bbox 1098 4035 1259 4093; x_wconf 78' lang='lat' dir='ltr'>Mithridate</span> <span class='ocrx_word' id='word_1_381' title='bbox 1280 4041 1310 4090; x_wconf 87' lang='lat' dir='ltr'>ut</span> 
     </span>
     <span class='ocr_line' id='line_1_41' title="bbox 225 4119 1309 4201; baseline 0.003 -29"><span class='ocrx_word' id='word_1_382' title='bbox 225 4120 358 4174; x_wconf 82' lang='lat' dir='ltr'>certiores</span> <span class='ocrx_word' id='word_1_383' title='bbox 374 4119 506 4176; x_wconf 76' lang='grc' dir='ltr'><em>αδνοιιιιιε</em></span> <span class='ocrx_word' id='word_1_384' title='bbox 518 4123 563 4176; x_wconf 82' lang='grc' dir='ltr'><em>εντ’</em></span> <span class='ocrx_word' id='word_1_385' title='bbox 573 4120 697 4192; x_wconf 80' lang='lat' dir='ltr'>fuceret,</span> <span class='ocrx_word' id='word_1_386' title='bbox 712 4139 795 4194; x_wconf 84' lang='lat' dir='ltr'>quum</span> <span class='ocrx_word' id='word_1_387' title='bbox 810 4124 962 4193; x_wconf 80' lang='lat' dir='ltr'>praesidiis</span> <span class='ocrx_word' id='word_1_388' title='bbox 977 4122 1092 4179; x_wconf 74' lang='lat' dir='ltr'>tortium</span> <span class='ocrx_word' id='word_1_389' title='bbox 1113 4127 1252 4201; x_wconf 77' lang='lat' dir='ltr'>teneretur</span> <span class='ocrx_word' id='word_1_390' title='bbox 1266 4123 1309 4176; x_wconf 79' lang='lat' dir='ltr'>in·</span> 
     </span>
     <span class='ocr_line' id='line_1_42' title="bbox 226 4203 1313 4278; baseline 0.001 -20"><span class='ocrx_word' id='word_1_391' title='bbox 226 4205 321 4260; x_wconf 73' lang='lat' dir='ltr'>troilon</span> <span class='ocrx_word' id='word_1_392' title='bbox 334 4203 429 4272; x_wconf 80' lang='lat' dir='ltr'>urbis,</span> <span class='ocrx_word' id='word_1_393' title='bbox 445 4207 493 4277; x_wconf 77' lang='lat' dir='ltr'>qui</span> <span class='ocrx_word' id='word_1_394' title='bbox 505 4220 577 4260; x_wconf 69' lang='lat' dir='ltr'>untes</span> <span class='ocrx_word' id='word_1_395' title='bbox 600 4214 627 4261; x_wconf 88' lang='lat' dir='ltr'>et</span> <span class='ocrx_word' id='word_1_396' title='bbox 647 4213 780 4278; x_wconf 73' lang='lat' dir='ltr'>arpertus</span> <span class='ocrx_word' id='word_1_397' title='bbox 795 4215 881 4278; x_wconf 85' lang='lat' dir='ltr'>ponte</span> <span class='ocrx_word' id='word_1_398' title='bbox 902 4209 1006 4263; x_wconf 78' lang='lat' dir='ltr'>modico</span> <span class='ocrx_word' id='word_1_399' title='bbox 1027 4210 1145 4263; x_wconf 78' lang='lat' dir='ltr'>insulam</span> <span class='ocrx_word' id='word_1_400' title='bbox 1163 4206 1313 4262; x_wconf 72' lang='lat' dir='ltr'>contriteutr’</span> 
     </span>
     <span class='ocr_line' id='line_1_43' title="bbox 224 4289 1312 4364; baseline 0.001 -20"><span class='ocrx_word' id='word_1_401' title='bbox 224 4289 323 4362; x_wconf 74' lang='lat' dir='ltr'>irrupit,</span> <span class='ocrx_word' id='word_1_402' title='bbox 344 4292 452 4346; x_wconf 84' lang='lat' dir='ltr'>militem</span> <span class='ocrx_word' id='word_1_403' title='bbox 468 4293 554 4348; x_wconf 78' lang='lat' dir='ltr'>esuis</span> <span class='ocrx_word' id='word_1_404' title='bbox 569 4293 681 4348; x_wconf 80' lang='lat' dir='ltr'>sciolum</span> <span class='ocrx_word' id='word_1_405' title='bbox 697 4294 785 4347; x_wconf 80' lang='lat' dir='ltr'>nandi</span> <span class='ocrx_word' id='word_1_406' title='bbox 807 4301 833 4346; x_wconf 92' lang='lat' dir='ltr'>et</span> <span class='ocrx_word' id='word_1_407' title='bbox 854 4297 983 4348; x_wconf 79' lang='lat' dir='ltr'>nauticae</span> <span class='ocrx_word' id='word_1_408' title='bbox 1008 4296 1078 4348; x_wconf 66' lang='lat' dir='ltr'>artis</span> <span class='ocrx_word' id='word_1_409' title='bbox 1093 4296 1215 4364; x_wconf 81' lang='lat' dir='ltr'>peritum</span> <span class='ocrx_word' id='word_1_410' title='bbox 1234 4293 1312 4346; x_wconf 77' lang='lat' dir='ltr'>iussit</span> 
     </span>
    </p>
   </div>
   <div class='ocr_carea' id='block_1_6' title="bbox 0 0 1567 4956">
    <p class='ocr_par' dir='ltr' id='par_1_9' title="bbox 0 0 1567 4956">
     <span class='ocr_line' id='line_1_44' title="bbox 0 0 1567 4956; baseline 0 0"><span class='ocrx_word' id='word_1_411' title='bbox 0 0 1567 4956; x_wconf 95' lang='lat' dir='ltr'> </span> 
     </span>
    </p>
   </div>
  </div>
 </body>
</html>
