3098 4970
205 387 248 455 70
578 393 607 450 C.
634 393 807 454 SALLUSTI
838 393 952 452 CRISPI

89 639 94 646 ,
206 537 309 637 ιιιοΙιιχ
322 587 436 656 pacem
463 565 664 657 repelentcS,
696 587 762 657 quo
794 563 936 634 habitam
963 561 1151 634 amiserant.
1184 561 1321 656 Equi-o

206 691 321 761 dema
347 691 522 782 principio,
554 713 654 784 quum
678 689 842 760 Elruriam
871 687 1059 772 coniurare,
1088 688 1293 780 proscriptos

206 815 348 898 accersi,
369 815 600 908 largitionibus
621 815 853 907 rempublicam
872 813 1008 886 lacerari
1029 807 1197 898 videbam,
1219 835 1294 884 ma-

206 940 382 1010 turandum
402 942 572 1032 putabam,
594 945 626 1011 et
646 938 754 1010 Catuli
770 939 907 1012 consilia
926 961 1000 1011 cum
1020 939 1134 1031 paucis
1157 943 1293 1010 seculus

208 1089 299 1156 sum3
327 1069 472 1138 ceterum
491 1067 553 1152 illi,
578 1067 633 1159 qui
657 1068 768 1160 gentis
787 1064 947 1138 Aemiliae
969 1065 1052 1134 bene
1073 1064 1160 1136 laeta
1179 1064 1294 1136 extol-

207 1274 255 1329 vel
269 1275 417 1341 accersiri,
431 1275 478 1331 vel
492 1275 626 1329 arcessiri
635 1296 643 1336 ‚·
662 1292 691 1331 v.
710 1273 747 1330 ad
762 1272 823 1346 lug.
841 1291 867 1328 c.
883 1271 969 1339 LXII,
983 1273 1010 1328 4.
1026 1287 1054 1342 p.
1070 1275 1132 1330 334.
1155 1275 1183 1325 er
1202 1269 1294 1339 CXIII,

208 1366 234 1418 5.
268 1359 374 1426 Quibus
391 1359 461 1414 locis
478 1374 647 1430 quamquam
662 1361 799 1416 accersiri
818 1357 1017 1431 probavimus,
1040 1361 1133 1410 tamen
1156 1355 1222 1412 Inde
1238 1373 1295 1412 non

208 1445 347 1515 sequitur,
362 1445 408 1499 ubi
424 1442 508 1500 codd.
525 1445 672 1516 vulgarem
687 1445 804 1500 sormam
822 1445 989 1516 praebeant,
1007 1441 1210 1496 inusitatiorem
1229 1457 1294 1498 esse

207 1527 410 1600 recipiendam.
428 1543 474 1568 ·--
503 1528 599 1584 Verba
616 1529 803 1602 turpilionibun
817 1527 1013 1600 rempublicam
1027 1527 1153 1582 lacerari
1174 1529 1294 1583 tortasse

207 1613 328 1669 eandem
350 1629 408 1668 rem
433 1619 567 1685 tangunt,
596 1613 631 1668 de
648 1631 703 1686 qua
718 1613 931 1686 intelligendum
948 1611 1059 1668 videtur
1077 1611 1232 1682 Fragm,
1205 1613 1215 1664 I
1248 1615 1292 1670 46

206 1698 247 1752 De
267 1697 375 1765 Catulo,
391 1698 542 1754 nobilitatis
557 1704 784 1770 propugnatore,
796 1697 951 1770 Lepidique
963 1701 1100 1768 perpetuo
1116 1695 1292 1764 adversario,

206 1799 237 1837 v.
254 1782 461 1853 adFragm.,
435 1783 446 1835 I
477 1785 528 1849 45,
543 1787 569 1840 3.
590 1782 617 1852 Ι,
632 1785 676 1841 47.
699 1783 862 1839 Plutarch
857 1800 884 1838 m
900 1781 1020 1838 Sullae.
1036 1783 1086 1876 34,
1107 1786 1177 1836 extr.
1198 1782 1251 1835 et'
1245 1797 1295 1836 rm·

206 1868 304 1938 primis
323 1867 356 1920 in
375 1868 473 1937 Pomp.
497 1884 521 1920 c.
544 1871 588 1925 16.
627 1849 855 1962 ‘OKaieloc,
829 1885 852 1923 ω
877 1854 909 1923 τὸ
930 1851 1067 1963 nudabor
1078 1823 1172 1920 nul‘
1144 1864 1295 1958 ογιαῑνον

207 1939 333 2046 μάλιστα
350 1948 402 2024 τῆς
415 1947 526 2026 βουλῆς
540 1943 590 2006 nal
603 1969 655 2007 rou
642 1939 780 2026 δήμου
789 1952 946 2047 προςεῖχεν,
966 1932 1008 2047 ἦν
1025 1943 1073 2006 ἐν
1079 1935 1222 2023 ἀξιώματι
1234 1963 1292 2008 aa

207 2024 359 2114 φροσυνης
379 2029 430 2091 καὶ
449 2023 640 2110 δικαιοσύνης
658 2030 792 2112 μεγιστος
810 2036 870 2094 τῶν
889 2025 951 2092 τότε
966 2023 1126 2109 ’.Ρωμαίων
1169 2035 1294 2107 Appiam.

208 2119 515 2189 daB.c.1,1os.-
537 2121 692 2178 Ceterumi.
710 2139 736 2194 q.
753 2124 816 2186 secl,·
837 2141 865 2180 v.
889 2121 925 2178 ad
948 2123 1008 2193 lug.
1025 2121 1062 2192 II,
1085 2124 1112 2178 4.
1157 2121 1294 2189 Quoniam

207 2211 300 2262 autem
313 2205 353 2260 illi
366 2223 382 2261 a
397 2205 525 2278 Philippo
541 2206 616 2262 stoi
604 2209 660 2280 mai
673 2213 866 2280 opponuntur,
890 2211 1053 2279 sequentem
1069 2206 1294 2262 enunciationem

207 2293 322 2347 alteram
336 2291 447 2363 periodi
462 2297 569 2364 partem
584 2293 718 2362 lecImus,
733 2299 852 2364 puncto,
871 2292 988 2365 quadiu
1005 2293 1135 2347 omnibns
1150 2290 1217 2346 edd.
1230 2296 1295 2363 post

164 2411 166 2416 ,
205 2391 267 2432 aum
279 2375 412 2444 habetur,
428 2377 456 2431 in
471 2378 625 2432 semicolon
641 2381 755 2434 mutato.
776 2409 818 2421 —
834 2378 956 2434 Auernae
972 2393 1028 2432 non
1049 2377 1183 2448 passiva,
1210 2383 1240 2431 ul
1254 2378 1295 2430 in-

206 2465 343 2532 terpretes
359 2463 472 2529 volunt,
499 2461 551 2516 sed
566 2461 742 2524 iutransitiva
761 2467 899 2536 potestate
915 2463 1038 2534 positum
1053 2459 1193 2532 significat
1205 2463 1295 2516 inere·

206 2551 298 2600 menta
322 2547 441 2616 cepnae,
473 2562 642 2618 quamquam
670 2565 772 2604 sensus
801 2549 870 2604 satis
894 2545 1042 2603 commode
1069 2545 1152 2600 ellam
1176 2547 1294 2615 pusalvo

88 2678 93 2686 ,
175 2613 288 2685 xreddi
306 2634 408 2700 potest.
452 2629 560 2686 Eodem
582 2630 667 2687 modo
690 2635 800 2689 locutus
825 2638 868 2688 est
891 2630 957 2688 Cato
979 2630 1055 2702 apud
1071 2629 1141 2685 Gell.
1156 2629 1215 2686 NN.
1230 2629 1293 2686 ΑΑ.

206 2714 311 2782 XVIII,
327 2719 370 2772 la.
414 2714 457 2772 Eo
477 2731 524 2776 ren
547 2731 642 2773 eorum
660 2721 749 2774 auxit.
794 2719 832 2772 cs.
856 2717 893 2773 ad
910 2715 968 2772 Cat.
990 2714 1044 2784 VI,
1065 2717 1091 2772 7.
1135 2715 1240 2770 Duker.
1267 2721 1295 2770 ct

206 2798 418 2855 Drakenborch.
445 2799 483 2856 ad
503 2802 563 2859 Liv.
586 2802 686 2872 lll,6,
707 2809 733 2862 2.
772 2803 901 2874 Rumpel.
927 2800 963 2856 de
985 2799 1104 2857 Casibus
1123 2815 1151 2872 p.
1169 2806 1231 2860 12⁰·
1251 2831 1295 2844 --

206 2883 299 2940 Etiam
314 2889 378 2940 lune
395 2900 445 2941 cur
461 2887 656 2959 scrIpserimus
671 2893 749 2960 patet
764 2905 800 2942 ex
819 2888 869 2957 iis,
893 2903 966 2959 quae
991 2885 1029 2942 ad
1052 2885 1131 2942 catil.
1154 2885 1194 2954 H,
1216 2893 1241 2944 1.
1264 2903 1293 2958 p.

207 2975 251 3028 10.
275 2969 414 3039 diximus3
436 2985 537 3028 sensus
554 2977 598 3028 est
616 2975 708 3029 enim:
728 2973 798 3031 adeo
818 2971 863 3029 illo
881 2979 1016 3047 tempore,
1039 2986 1093 3044 qino
1112 2987 1194 3026 arnna
1213 2973 1294 3044 cepit.

207 3054 270 3109 Non
285 3055 355 3111 satis
374 3063 448 3112 recte
465 3058 548 3130 igitur
562 3058 653 3115 Faber
668 3060 782 3131 scripsit
797 3062 948 3127 etiamtum,
968 3072 1137 3129 quamquam
1153 3073 1223 3112 vere
1236 3073 1295 3111 mo·

207 3141 267 3195 nult
290 3140 343 3197 has
369 3143 521 3213 particulas
547 3160 610 3198 cum
635 3144 745 3200 ambant
768 3146 856 3198 verbo
877 3159 942 3199 essa
967 3139 1192 3212 coniungendas.
1236 3139 1295 3198 Sed

206 3241 354 3299 perperam
368 3227 444 3298 Idem
458 3243 595 3300 nunquam
616 3229 655 3282 lta
676 3233 772 3282 censet
789 3243 853 3281 cum
869 3241 1053 3298 procreantem
1072 3224 1241 3293 cohaerere,
1265 3230 1295 3280 ut

205 3311 234 3365 vi
253 3317 345 3366 motus
361 3313 515 3382 particulae
535 3310 675 3382 significet
689 3313 719 3365 ln
732 3311 836 3366 necllum
850 3318 978 3382 partem,
1004 3311 1112 3367 sivein
1133 3311 1236 3366 meldum
1257 3311 1295 3365 lo-

206 3411 278 3450 cum.
313 3393 372 3450 Sed
382 3408 566 3466 propreaaum
584 3396 711 3450 absolute
725 3387 849 3467 positum
865 3395 1004 3468 significat
1019 3395 1128 3451 modum
1143 3409 1293 3468 camanum,

208 3480 227 3532 i.
242 3495 279 3546 e.,
299 3482 328 3531 ut
344 3475 454 3534 Cortius
470 3486 545 3534 recte
561 3480 771 3553 interpretatur,
794 3481 898 3553 alicuid
917 3487 1014 3538 cenna
1031 3495 1120 3552 remp.
1141 3486 1168 3535 et
1180 3481 1294 3536 sunam

207 3564 340 3618 bonorum
356 3577 487 3619 aueum.
533 3564 627 3632 Quare
645 3579 781 3638 nusquam
801 3582 857 3620 non
880 3567 964 3638 mem
985 3565 1131 3637 designat,
1157 3565 1196 3619 ad
1214 3581 1294 3637 quem

206 3663 377 3720 progressus
392 3649 428 3704 sit
442 3647 583 3720 Lepidus,
607 3649 659 3704 sed
677 3651 755 3706 valet
778 3651 855 3707 nulla
873 3653 963 3719 inre,
986 3649 1021 3706 de
1040 3667 1094 3721 quo
1113 3649 1225 3705 dicendi
1241 3667 1295 3706 usu

206 3752 235 3789 v.
251 3731 288 3786 ad
305 3731 363 3788 eat.
379 3731 415 3801 V,
429 3739 455 3790 2.
472 3738 499 3788 et
520 3733 557 3788 ad
578 3733 639 3806 lug.
655 3735 733 3806 XIII,
750 3741 776 3794 5.
801 3763 845 3778 -—
865 3735 981 3792 Privata
996 3751 1077 3791 arma
1096 3733 1206 3790 Cottius
1222 3735 1294 3790 bene

206 3818 347 3890 explicat,
369 3833 441 3889 quae
456 3817 580 3890 Lepidus
595 3820 705 3890 privato
721 3821 856 3889 consilio,
878 3823 952 3876 nullo
970 3826 1084 3876 senatus
1101 3821 1228 3875 consulto
1243 3837 1295 3875 nea

206 3903 303 3974 populi
323 3903 404 3958 iussu
425 3903 564 3974 cepisset;
588 3903 640 3960 sad
665 3904 741 3960 idem
767 3906 890 3978 pessime
913 3906 986 3962 haec
1013 3905 1113 3974 verba,
1142 3907 1205 3960 colo
1230 3909 1295 3977 post

206 3987 316 4042 aiebant
329 3987 439 4060 posito,
455 3986 492 4043 ad
510 3993 656 4060 sequentia
669 3991 776 4061 retulit3
798 4005 863 4048 nam
879 3992 908 4046 in
923 3995 1054 4063 promptu
1069 3993 1112 4044 est
1124 3991 1206 4044 etiam
1221 3993 1293 4056 bunc,

207 4071 284 4142 quod
299 4088 351 4143 per
366 4089 398 4128 sc
412 4087 513 4144 parum
526 4076 709 4147 perspicuum
728 4080 787 4144 est,
810 4074 856 4132 hIs
878 4076 972 4133 verbis
991 4074 1141 4147 explicari,
1163 4080 1295 4146 utsupra

207 4157 262 4213 iam
277 4156 475 4214 indicavimus.
519 4157 618 4232 Neque
635 4166 730 4216 tamen
752 4161 841 4218 Faber
862 4166 890 4215 et
911 4159 1077 4216 Gerlaehius
1103 4159 1133 4212 in
1157 4159 1205 4214 ed.
1227 4159 1293 4215 mai.

206 4243 261 4298 loci
276 4259 391 4299 sensum
404 4243 488 4314 plane
504 4245 627 4300 assecuti
648 4250 727 4316 sunt,
750 4247 811 4301 colo
833 4249 897 4318 post
917 4247 1033 4316 oepaset
1053 4245 1294 4316 Interpungenrea

207 4343 261 4401 quo
281 4327 326 4400 fir,
354 4333 383 4384 ut
407 4329 493 4385 verba
516 4328 568 4385 eibi
585 4332 699 4406 quaequae
720 4359 767 4394 -,
783 4336 971 4404 corruperunt
995 4327 1171 4398 claudIcent,
1185 4345 1293 4402 „neque
