3098 4970
220 331 283 398 146
582 337 613 394 o.
636 335 817 412 6666666ιρ
830 335 944 407 οιιι6οι

319 531 371 596 36.
413 524 468 594 Ad
486 525 569 595 baec
587 523 776 596 rumoribus
795 524 940 596 advorsa
960 524 993 594 in
1010 524 1222 615 pravitatem,
1246 549 1306 596 se·
1380 599 1382 602 ,

217 650 325 719 66666
343 649 376 716 in
397 671 527 736 casum,
547 624 712 720 fortunam
730 647 762 717 in
780 651 993 720 temeritatem
1016 650 1211 723 declinando
1228 674 1308 744 cor.-

216 776 421 867 rumpebant.

318 905 370 970 37.
416 896 510 982 Quae
536 896 677 988 pecunia
702 898 744 968 66
774 894 994 1000 Hispaniense
1024 900 1146 972 bellum
1172 900 1304 972 Metello

216 1026 304 1096 iacta
328 1026 409 1094 erat.
1156 1045 1158 1049 ·

215 1264 355 1333 occupatis
373 1264 618 1319 termextrinorum
638 1281 656 1317 ο
677 1258 729 1318 me.
760 1266 929 1334 Mamertus,
951 1280 1034 1336 quem
1056 1282 1154 1329 omnes
1175 1264 1299 1322 Sallustii

215 1347 338 1418 aditores
354 1349 442 1404 secuti
461 1355 540 1416 sunt,
563 1364 599 1403 ex
616 1349 777 1405 coniectura
795 1351 908 1422 scripsit
923 1353 1079 1423 occupatis,
1098 1358 1153 1407 urm
1170 1357 1300 1408 6616666-

215 1450 287 1488 rum.
324 1432 487 1506 Sedlonge
510 1435 625 1488 meliore
645 1450 736 1506 eaque
752 1435 1000 1506 praestantissima
1024 1437 1186 1500 coniectura
1207 1437 1301 1492 locum

216 1520 326 1574 sanavit
341 1519 452 1590 Lipsius
470 1518 507 1574 ad
523 1518 611 1576 Tacit.
629 1519 705 1575 Ann.
722 1520 770 1589 lV,
786 1523 837 1590 46,
854 1527 881 1580 1.
902 1520 1063 1590 proposita,
1079 1538 1163 1592 quam
1178 1522 1207 1576 in
1225 1527 1300 1574 textu

215 1605 419 1674 expressimus
455 1595 532 1658 Nam¹
549 1601 635 1676 quum
651 1606 714 1660 luce
735 1606 837 1660 elarius
854 1606 889 1660 sit
903 1605 1004 1676 populi
1018 1606 1130 1662 nomine
1147 1623 1219 1677 opus
1234 1621 1300 1660 6666

215 1689 253 1744 66
266 1705 367 1743 vocem
382 1703 466 1760 apros
482 1690 641 1744 accuratius
657 1688 862 1758 deliniendam,
878 1691 990 1760 Lipsius
1008 1691 1170 1747 acutissime
1186 1689 1258 1756 vidit
1272 1691 1299 1744 in

216 1774 354 1844 corruptis
372 1775 490 1828 vocibus
508 1772 733 1830 Tnaexrnnorum
747 1781 774 1830 et
789 1777 1033 1830 16666606666666
1049 1777 1134 1831 latere
1158 1775 1300 1831 Termesti-

215 1875 329 1928 6666666,
345 1874 463 1929 quorum
478 1859 578 1914 civitas
594 1861 637 1928 (v.
654 1860 676 1914 F
677 1861 800 1932 orbigeri
815 1858 917 1932 Geogr.
933 1860 1017 1930 antiq.
1033 1860 1167 1930 ΙΙοΙ.“ΙΙΙ,Χ
1176 1878 1206 1932 p.
1226 1862 1300 1928 100.)

214 1945 285 1998 inter
309 1942 435 1998 Cluuiam
453 1949 480 1997 et
497 1943 672 1999 Numantiam
695 1945 747 1999 sita
768 1945 826 2000 luit.
862 1943 946 2000 Cuius
968 1945 1174 2002 emendationis
1194 1944 1300 2003 veritas

215 2035 244 2084 ut
261 2045 312 2086 sua
328 2034 426 2100 sponte
442 2028 471 2082 in
486 2030 584 2084 oculos
601 2030 731 2099 incurrit,
747 2031 785 2085 ita
800 2030 1034 2101 circumspectum
1051 2047 1108 2086 non
1123 2031 1212 2103 lugiet
1227 2032 1299 2086 bler-

214 2115 281 2170 cerii
300 2114 489 2168 coniecturam
507 2113 617 2169 duobus
632 2115 708 2170 vitiis
723 2117 869 2182 laborare,
891 2117 994 2186 altero,
1014 2115 1091 2187 quod
1106 2116 1237 2172 ablativis
1251 2117 1300 2181 ab·
1378 2139 1380 2144 ·

216 2201 314 2256 solutis
329 2205 386 2256 tum
406 2215 555 2271 perperam
572 2200 730 2268 subiicitur,
754 2202 857 2268 altero,
882 2199 959 2271 quod
979 2207 1214 2257 externorum
1236 2201 1301 2274 ορτί
1373 2261 1378 2266 ,

216 2284 339 2342 absurde
355 2283 493 2340 dicuntur.
525 2283 658 2356 Numqui
674 2292 738 2341 sunt
752 2287 792 2342 illi
807 2287 937 2341 66166611
958 2284 1005 2339 An
1019 2287 1135 2340 internis
1153 2282 1300 2358 oppositi?
1329 2342 1331 2346 .

216 2388 253 2425 an
265 2367 349 2426 aliisi
365 2370 401 2424 At
414 2366 538 2440 quibus?-
556 2369 644 2425 Nemo
657 2369 766 2426 dixerit.
792 2369 839 2426 Ad
851 2369 1043 2427 Sertorianum
1053 2372 1157 2426 bellum
1169 2377 1299 2443 spectare
1400 2395 1403 2400 ·

124 2517 127 2525 ,
215 2457 304 2510 verba
325 2455 506 2537 perspicuum
529 2458 589 2522 est;
611 2455 664 2510 sed
681 2462 773 2512 utrum
789 2455 943 2512 Sertoriani
958 2455 1197 2512 Termestinorum
1213 2473 1298 2528 agros

215 2532 385 2609 invaserint,
407 2556 442 2594 66
458 2540 630 2610 Pompeiani,
646 2556 702 2594 non
716 2547 808 2612 potest
822 2540 947 2596 decerni
976 2539 1068 2596 nah.
1085 2543 1104 2596 l.
1124 2541 1159 2596 66
1173 2547 1299 2612 tempore

217 2625 321 2682 drotum
334 2627 411 2683 valet
420 2629 501 2696 post,·
516 2625 552 2678 el.
534 2623 603 2679 ad
615 2624 676 2703 lug
689 2625 816 2693 XXXVI,
833 2631 860 2684 3.
873 2641 902 2697 p
917 2630 1031 2686 213.-
1057 2626 1098 2681 De
1112 2628 1199 2682 661666
1210 2628 1300 2684 torma

216 2729 244 2766 v.
264 2711 406 2767 Drakenb.
423 2709 468 2764 ad
476 2709 537 2766 Liv.
552 2708 665 2780 XXVll,
680 2714 723 2780 49,
739 2715 765 2770 8.
799 2710 892 2778 XXX,
909 2715 936 2778 3,
951 2714 979 2768 4.
996 2718 1024 2766 61
1038 2717 1159 2768 annotat.
1175 2717 1300 2769 nostram

215 2797 253 2852 ad
267 2797 327 2868 lug.
344 2794 451 2862 XXXI,
467 2799 512 2852 30.
526 2811 554 2866 p
574 2798 634 2854 180

301 2882 346 2936 Fr.
362 2885 407 2940 36.
439 2878 528 2948 [Cort.
545 2896 573 2950 p.
591 2882 653 2938 960.
687 2877 760 2934 Gerl.
782 2878 829 2938 ed.
843 2879 961 2949 mai.‚ll
983 2884 1028 2938 40.
1040 2882 1180 2938 eduin.
1195 2882 1234 2950 ll,
1253 2887 1298 2942 66.

216 2985 244 3039 p
259 2969 385 3035 304,13.
419 2964 502 3019 Debr.
520 2965 571 3032 ΙΙΙ,
588 2967 666 3036 101]
696 2965 801 3032 Verba,
818 2981 890 3037 quac
909 2967 1034 3024 servavit
1049 2968 1158 3023 Nonius
1174 2967 1221 3036 lv
1238 2971 1300 3027 463.

215 3071 244 3124 p.
259 3057 326 3121 386,
349 3056 376 3110 3.
393 3051 496 3118 llere,
518 3050 554 3104 de
571 3049 693 3116 Sertorio
709 3065 775 3104 esse
796 3050 980 3121 intelligenda
993 3052 1144 3108 verissime
1164 3010 1301 3110 iudicavit

112 3184 115 3200 ,
215 3137 394 3194 Debrossius.
428 3136 568 3192 Extremis
582 3137 657 3190 enim
677 3134 742 3190 belli
758 3127 914 3190 Sertoriani
935 3138 1032 3234 annis?
1057 3139 1103 3194 ubi
1120 3137 1201 3192 timor
1222 3137 1301 3192 nobi·
1332 3147 1335 3153 ’

217 3225 285 3278 lium
301 3223 411 3278 excitum
428 3220 572 3290 paullatim
586 3225 760 3287 cessaverat,
782 3220 930 3274 multorum
945 3221 1029 3276 animi
1045 3239 1062 3278 6
1077 3223 1149 3278 6666
1166 3239 1217 3277 666
1233 3222 1300 3278 alie·

217 3308 279 3362 nari
295 3321 429 3376 coepere,
442 3305 606 3376 Perperna'
600 3303 735 3398 imprimis
750 3303 931 3397 instigatore3
947 3307 982 3366 61
997 3307 1157 3364 1116166616
1150 3323 1180 3362 ιιι
1193 3305 1298 3363 Sertor.
1343 3319 1345 3322 ·

217 3409 243 3446 6
258 3396 303 3448 36.
318 3390 397 3458 (Vol.
409 3389 441 3442 ΙΙ.
455 3405 482 3489 p.
495 3391 556 3448 614.
570 3386 657 3456 Sint.)
672 3373 722 3444 Ἐν
738 3372 782 3442 δ”
779 3384 886 3484 Ιβηρια
900 3407 959 3446 των
972 3407 1040 3468 crept
1030 3380 1217 3470 Σερτωριον
1228 3404 1299 3468 συγ
1373 3399 1375 3401 ’

217 3471 365 3548 stauratio
383 3466 433 3528 καὶ
450 3468 603 3566 ἰσοτίμων,
621 3460 661 3542 ὡς
677 3471 794 3568 πρῶτον
812 3467 852 3541 εἰς
867 3459 1028 3532 ἀντίπαλον
1042 3470 1147 3535 ἐλπίδα
1161 3469 1299 3572 κατέστη-

218 3570 287 3631 σαν,
305 3551 460 3625 ἐπανέντος
478 3573 529 3613 τον
516 3545 663 3650 φόβου,
670 3545 818 3630 φθόνος
834 3546 968 3630 ἥπτετο
983 3579 1047 3617 ιιαι
1038 3545 1203 3636 ι’ζῆλος
1184 3551 1298 3635 ανόη·

216 3659 277 3712 τος
293 3641 358 3717 τῆς
374 3635 520 3700 ἐκείνου
533 3632 741 3716 δυνάμεως,
759 3650 786 3698 61
795 3645 908 3738 paullo
901 3647 945 3700 ιιιΙ
945 3663 976 3701 ra
987 3646 1222 3702 calumniantibus
1233 3648 1300 3701 Per-

217 3745 323 3799 pernae
349 3727 527 3787 sermonibus
553 3730 665 3784 relatis:
698 3717 847 3785 Τοιουτων
870 3714 1128 3825 ἀναπιμπλάμενοι
1152 3717 1249 3827 λόγον
1270 3725 1302 3786 οἱ

216 3806 320 3871 πολλοὶ
335 3809 470 3905 φανερῶς
484 3802 588 3884 μὲν’
553 3829 608 3870 oca
624 3799 786 3886 ἀφίσταντο
807 3800 1021 3884 δεδοικότες’
984 3813 1076 3871 αυτοῦ
1089 3801 1146 3912 τὴν
1161 3804 1298 3911 ὃνναμιν,

218 3881 1299 3998 πρνφα(ΙΙτᾶςπροὶξειςἐλυμαίνοντοκαὶτοῦςβαρβᾶροαςἒιια-

218 4000 292 4038 υονν
307 3970 476 4052 κολάζοντες
495 3981 608 4060 πικρῶς
624 4001 675 4039 και
665 3971 984 4058 despotoyorivrsc‚‘
965 4003 1004 4053 οις
1010 3981 1185 4063 Σερτωρίου
1200 3973 1299 4040 666166-

218 4083 368 4136 οντος.-
395 4065 533 4124 Rariores
546 4067 575 4125 b
592 4070 610 4123 l.
627 4073 692 4124 sunt
705 4066 871 4123 clandestini
886 4068 1021 4128 invidiosi
1036 4085 1200 4128 sermones·
1192 4110 1200 4139 ,
1217 4070 1300 4126 deoti-

216 4167 288 4208 ποτε
302 4159 394 4210 antem
408 4153 486 4208 valet
499 4152 619 4220 trabere,
635 4158 750 4222 vertere,
766 4154 812 4207 vel
822 4155 1017 4226 interpretem
1031 4153 1156 4212 eodemt
1144 4157 1204 4212 tere
1215 4153 1300 4216 modo

218 4242 315 4294 auctor
336 4238 445 4294 locutus
467 4241 511 4292 est
531 4236 594 4310 lug.
609 4233 698 4306 XCII,
718 4239 746 4292 3.
783 4235 881 4296 Omna
901 4251 958 4296 noa
977 4239 1044 4296 berte
1068 4239 1300 4308 6666611661666,
