3102 4956
463 412 711 470 HISTORIARUM
732 407 967 468 FRAGMENTA.
1012 407 1078 464 LIB.
1102 408 1148 464 111.
1276 405 1338 472 2(ss

232 591 539 685 ¹'eumad-cortens,
562 621 628 670 neu
656 599 787 691 cogatis
810 596 1060 668 necessitatibus
1088 595 1239 686 privatim
1261 600 1339 670 mihi

225 730 439 801 sconsulere.
478 725 668 818 Hispaniam
695 725 895 809 citeriorem,
925 745 1010 817 quae
1029 746 1095 794 non
1121 723 1163 792 ab
1190 723 1340 796 hostibus

257 855 400 936 tenetur,
424 875 486 922 nos
509 856 565 924 aut
592 851 760 922 Sertorius
783 851 825 920 ad
845 850 1098 922 internecionem
1123 849 1337 936 vastavimus

256 981 386 1068 praeter
415 978 605 1048 maritumas
633 976 800 1059 civitates,
834 998 919 1069 quae
951 976 1037 1045 ultro
1070 973 1165 1045 nobis
1195 977 1339 1068 sumptui

255 1103 423 1195 onerique.
447 1103 553 1173 Gallia
576 1101 748 1193 superiore
767 1119 853 1168 anno
869 1098 993 1168 Metelli
1017 1099 1195 1170 exereitum
1210 1102 1340 1199 stipen-

254 1225 308 1295 dio
331 1227 563 1322 frumentoque
587 1227 682 1311 aluit,
710 1231 742 1294 et
770 1247 856 1294 nunc
878 1224 973 1296 maiis
1005 1226 1164 1296 fructibus
1188 1225 1260 1318 ipsa
1281 1227 1339 1298 vix

253 1349 367 1440 agitat.
422 1353 499 1444 Ego
532 1374 599 1422 non
631 1371 700 1421 rem
729 1349 920 1418 familiarem
948 1349 1064 1433 modo,
1094 1371 1209 1419 verum
1242 1352 1340 1422 etiam

256 1590 406 1660 Pompeius
428 1596 554 1646 extrema
576 1590 696 1663 epistola
717 1589 841 1662 apertius
858 1591 972 1660 profert.
1018 1590 1088 1644 Nam
1111 1591 1175 1646 ticet
1196 1597 1341 1666 utrumque

255 1675 408 1730 exercitum
424 1676 556 1742 nominet,
572 1691 653 1732 sturm
668 1681 761 1728 tamen
776 1674 910 1746 inteiligit,
927 1675 1002 1745 quia
1020 1681 1118 1731 senatu
1136 1695 1166 1732 se
1182 1679 1340 1749 neglectum

256 1765 283 1814 et
306 1757 437 1816 miseriae
459 1760 589 1815 traditum
612 1759 768 1830 aegerrime
791 1760 884 1814 serens
909 1759 946 1814 ad
968 1765 1100 1833 negatum
1123 1763 1292 1832 stipendium
1314 1769 1342 1819 et

256 1845 370 1900 miiitiae
385 1846 545 1902 mercedem
562 1847 588 1900 vi
603 1844 823 1916 extorquendam
842 1847 869 1900 in
883 1845 989 1903 ltaliam
1005 1846 1101 1902 venire
1111 1849 1211 1918 possit.
1228 1847 1338 1913 ldadeo

203 1971 207 1978 .
255 1931 317 2000 ipso
333 1931 467 2002 Pompeio
490 1930 562 1986 duce
578 1932 699 1986 tutorum
714 1933 802 1986 verba
820 1929 965 1986 declarant
982 1945 1037 1986 neu
1052 1934 1157 2003 copulas
1170 1936 1338 2004 privatim

253 2013 319 2068 mitit
332 2017 485 2073 consulere.
502 2048 542 2058 -·
559 2015 770 2072 Necessitatitrus
787 2021 830 2071 est
844 2031 950 2072 summo
964 2018 1083 2072 omnium
1097 2033 1193 2072 rerum
1207 2021 1299 2091 inopie
1315 2027 1340 2076 et

253 2107 367 2172 arpenta
387 2103 509 2158 miserto.
550 2100 701 2178 Abtativus
726 2099 908 2156 hauddubie
930 2101 1050 2173 pertinet
1070 2101 1108 2156 ad
1129 2106 1246 2174 coeatur
1272 2122 1338 2162 nam

254 2186 405 2256 quominus
419 2186 542 2244 caussati
557 2190 695 2257 potestate
715 2185 852 2239 referatur
867 2185 903 2240 ad
927 2187 1071 2248 consulere¹
1087 2187 1263 2259 infinitivum,
1290 2191 1338 2246 ob-

255 2275 310 2324 stat
324 2273 457 2342 privotim
474 2271 640 2332 adverbium
662 2285 726 2326 eum
741 2286 775 2324 eo
791 2270 979 2327 coniunctum.

339 2445 367 2506 §2
383 2445 410 2500 9.
432 2455 504 2512 quoe
517 2455 573 2496 nou
589 2438 624 2494 ab
645 2438 765 2496 testeus
781 2440 900 2508 tenetur)
935 2439 994 2494 Hac
1009 2442 1204 2496 enunciatione
1221 2443 1338 2502 relativa

252 2525 454 2598 praecedentia
466 2528 553 2580 verba
569 2541 624 2580 non
638 2525 666 2580 in
683 2525 846 2582 universum
863 2524 1047 2593 definiuntur„
1060 2526 1111 2582 sed
1128 2519 1169 2582 'ad
1191 2529 1338 2600 arctiorem
1365 2555 1370 2566 ·

253 2610 368 2668 modurn
383 2611 565 2684 rediguntur;
582 2611 765 2666 sensusenim
781 2616 839 2666 est:
850 2609 1008 2683 Hispaniae
1023 2613 1158 2668 duriores
1172 2628 1244 2668 eam
1256 2631 1336 2685 pcr-

254 2703 332 2765 tem,
352 2711 440 2768 quoe
466 2713 533 2752 noa
558 2695 601 2750 eo
622 2695 784 2752 hostibus
812 2700 972 2767 tenetur,
991 2699 1221 2754 -ocstuoimus.
1242 2700 1279 2756 ct.
1301 2699 1338 2754 ad

254 2783 315 2853 lug.
333 2797 359 2836 e.
372 2780 441 2848 LXI,
456 2787 483 2838 ἵ.
500 2798 529 2851 p.
547 2784 610 2839 328·
635 2779 761 2836 Metellus
777 2783 928 2836 exordium
943 2783 972 2835 iu
984 2785 1228 2853 prouinciam,
1249 2800 1339 2856 quoe

249 2881 431 2936 prosumo
444 2870 498 2918 est
511 2863 711 2930 Numidiae,
733 2863 872 2920 hiemandi
885 2868 978 2937 pretio
993 2867 1165 2922 collocat—
1183 2867 1337 2942 Ouuepro-

255 2965 357 3004 nomen
382 2955 446 3024 ante
468 2949 552 3011 ultro,
576 2947 652 3017 quod
670 2949 698 3002 in
720 2946 870 3004 cod.'Vat.
898 2947 1040 3005 Carrionis
1055 2957 1082 3006 et
1096 2949 1227 3008 Ciaccon.
1246 2954 1335 3022 deest,

256 3034 376 3092 Oreliius
393 3033 507 3102 delevit,
529 3049 563 3086 eo
580 3036 733 3104 permotus,
758 3031 833 3102 quod
848 3046 908 3086 esse
922 3036 1040 3088 verbum
1056 3035 1201 3092 rarissime
1217 3046 1281 3108 post
1295 3057 1338 3094 re-

255 3120 371 3176 lativum
383 3119 532 3174 omittatur.
540 3115 598 3174 Sed
611 3123 640 3172 ut
651 3123 805 3186 taceamus,
818 3118 842 3171 si
854 3117 1001 3174 relativum
1013 3120 1085 3173 absit
1096 3117 1208 3176 dativos
1220 3127 1340 3195 srrmptui
1435 3157 1440 3164 -

255 3207 385 3277 onerique
406 3205 482 3260 nulio
503 3202 588 3259 modo
616 3219 707 3276 neque
729 3220 791 3258 cum
807 3201 991 3258 substantivo
1011 3205 1131 3258 civitates
1161 3220 1253 3276 neque
1275 3225 1337 3264 cum

203 3282 205 3288 ’
256 3293 342 3346 verbo
355 3292 519 3346 susurremus
534 3290 668 3360 coniungi
680 3305 776 3360 posse,
792 3289 1004 3358 orationemque
1019 3287 1057 3344 ita
1070 3289 1132 3344 fieri
1146 3305 1264 3360 prorsus
1276 3295 1338 3348 bar-

256 3379 362 3444 baram,
378 3376 490 3430 omnino
508 3376 580 3430 falsa
594 3381 637 3431 est
652 3373 748 3430 Orellii
764 3374 900 3428 sententia
916 3373 955 3428 de·
970 3374 1064 3430 iliicito
1079 3375 1189 3431 relativi
1206 3393 1259 3432 usu
1274 3379 1337 3434 sine

257 3461 342 3515 verbo
358 3460 550 3528 substantivo;
570 3460 606 3514 ct.
622 3459 683 3532 lug.
699 3457 846 3526 LXXXIX,
858 3465 884 3517 5.
931 3459 1027 3515 Omos'o
1040 3460 1143 3532 infesto
1156 3464 1337 3532 serpentibus,

255 3560 402 3618 quorum
421 3546 475 3600 eis
492 3573 535 3585 -—
556 3546 650 3616 iuopia
671 3543 725 3600 etot
740 3545 871 3598 acrior.
892 3545 931 3601 io.
949 3543 1057 3612 cx1,4.
1092 3545 1138 3602 Au
1153 3547 1337 3604 simulandum

251 3643 369 3703 pacem,
389 3631 492 3684 euius
514 3629 634 3685 Numida
649 3628 776 3700 defessus
791 3627 858 3684 terro
873 3630 1131 3698 avidissumus,
1153 3646 1242 3702 quoe
1262 3636 1338 3692 utitur

255 3717 351 3784 uite,
372 3715 544 3774 cmmituuut.
579 3715 663 3770 Plura
678 3732 706 3770 v.
723 3714 751 3767 in
769 3711 920 3782 Grammat.
941 3715 989 3770 lat.
1008 3719 1103 3772 nostra
1117 3719 1144 3781 S.
1162 3720 1222 3775 113.
1239 3724 1295 3774 not
1310 3726 1338 3778 2.

255 3819 284 3874 p.
300 3803 362 3862 234.
408 3799 505 3868 Quare.
521 3815 540 3854 a
553 3798 680 3856 codicum
699 3799 845 3868 meli-orum
864 3799 921 3854 fide
936 3817 992 3855 non
1015 3806 1058 3857 est
1078 3800 1279 3858 recedendum.
1294 3834 1337 3844 -—

255 3887 296 3942 De
313 3887 384 3942 uitro
398 3885 535 3957 particula
549 3901 578 3940 v.
599 3883 636 3938 ad
653 3884 712 3956 lug.
729 3900 754 3940 o.
769 3883 833 3951 XV,
849 3890 874 3942 1.
896 3901 924 3956 p.
940 3889 986 3944 93·
1030 3884 1174 3949 Sententia
1187 3889 1337 3946 verborum

256 3978 313 4030 est:
337 3987 409 4044 quae
424 3987 481 4024 non
494 3967 579 4026 modo
594 3968 664 4024 nihil
685 3985 738 4024 nos
758 3969 870 4038 iuvant,
895 3968 952 4026 sed
967 3968 1036 4026 odeo
1051 3976 1191 4042 sumptum
1210 3978 1337 4030 nostrum

256 4063 402 4130 etgraves
418 4073 502 4112 curas
517 4055 642 4126 exigunt,
665 4069 719 4126 quo
735 4069 786 4110 eas
803 4055 832 4109 in
843 4059 939 4110 nostra
952 4060 1092 4127 potestate
1108 4055 1337 4114 retineamus-

257 4143 310 4198 Pro
325 4148 352 4198 et
364 4159 438 4198 nunc
453 4139 620 4198 Ciaeccnius
635 4140 755 4194 malebat
770 4145 800 4194 ct
813 4156 896 4210 minc,
912 4140 972 4199 sine
992 4140 1096 4197 idonea
1108 4157 1221 4198 caussa.
1237 4175 1278 4182 —
1295 4143 1335 4198 De

257 4228 365 4284 ratione
382 4228 567 4286 ablativorum
581 4225 662 4282 mulr's
676 4222 813 4295 feruutur
834 4241 861 4282 v.
877 4225 914 4282 ad
929 4224 1009 4282 Catil.
1026 4242 1051 4281 c.
1066 4225 1113 4294 XI,
1128 4230 1161 4296 43
1186 4230 1336 4286 verborum

259 4328 359 4369 sensus
371 4312 523 4386 respondet
538 4312 690 4369 vernaculo
707 4308 861 4369 Mr'rserute.
881 4340 924 4386 -7-
943 4312 1034 4384 Apitut
1047 4311 1094 4370 hic
1114 4318 1202 4370 estse
1216 4314 1337 4385 sustmet,
