3102 4956
253 369 317 432 254
615 369 645 428 G.
669 369 842 428 SALLUSTI
862 368 975 428 crustu

242 562 336 654 palis
354 561 438 651 fieri
460 557 605 629 recentia
635 558 812 638 cadavera,
839 562 876 628 et
897 556 1036 628 crebros
1061 557 1151 651 ignis
1171 560 1333 650 [meant

250 679 434 752 Formidiui
459 735 497 753 ..
534 681 673 754 Varini.
699 683 784 754 ‚ti.
807 735 815 753 .
841 683 884 754 da
907 737 916 752 .
938 735 947 754 .
971 735 979 752 .
1005 682 1103 758 inviis
1128 685 1363 756 converteres

250 963 310 1026 tur,
334 956 498 1013 necessario
526 955 675 1028 requiritur
696 958 880 1026 vocabulum,
902 975 957 1029 quo
983 957 1105 1013 bombice
1129 956 1333 1030 significentur,

251 1043 352 1114 quibus
369 1042 442 1098 talea
459 1041 553 1114 imago
568 1043 727 1100 assimulari
750 1048 841 1113 queat
877 1040 1040 1114 Vipitierum
1055 1059 1157 1100 nomen
1172 1046 1282 1111 autem,
1298 1043 1335 1100 si-

226 1145 228 1153 ⁴
251 1127 314 1182 cubi
328 1143 380 1198 pro
397 1126 518 1198 oipiibrte
533 1127 650 1194 dicitur,
667 1128 799 1198 quonism
813 1128 984 1184 abstreclrun
1003 1134 1061 1196 est,
1079 1144 1142 1189 eam
1165 1133 1333 1199 potestatem

251 1213 353 1266 mentis
368 1212 415 1280 vi,
437 1227 494 1266 non
509 1213 654 1268 oculorum
675 1213 832 1270 ministerio
855 1213 957 1286 accipit
964 1229 972 1281 ;
994 1212 1070 1268 unde
1089 1213 1214 1284 sequitur
1231 1213 1335 1284 speciei

250 1297 407 1366 notionem,
430 1312 502 1368 quae
518 1304 650 1356 concreto
665 1303 770 1354 tantum
785 1297 925 1354 vocabulo
947 1298 1096 1367 convenil,
1117 1315 1173 1354 non
1193 1296 1334 1369 possead

251 1384 421 1440 abstractum
435 1382 555 1438 traduci.
1152 1427 1156 1438 ,

330 1467 436 1540 procul
457 1467 602 1524 moenibus
623 1469 789 1536 mererent)
820 1465 891 1523 eod.
920 1469 984 1522 Vat.
1015 1463 1284 1524 PROCULUlSEN.
1302 1505 1332 1520 ..

331 1550 492 1608 XERANT.
508 1549 589 1608 Haec
601 1566 711 1624 quoque
731 1553 917 1624 Kreyssigius
932 1552 1048 1608 feliciter
1065 1551 1211 1622 expedivit
1231 1551 1332 1608 ductus

251 1639 375 1694 Frontini
390 1639 485 1694 verbis
501 1638 528 1706 l,
545 1643 576 1704 5,
591 1643 633 1695 22
650 1645 682 1694 ut
699 1638 833 1710 procul
849 1637 1072 1694 intuentibus
1091 1639 1215 1694 stationis
1228 1637 1333 1707 speeies

249 1728 328 1778 esset.
358 1724 509 1782 Praeterea
522 1728 586 1792 epte
602 1723 717 1778 contulit
731 1722 800 1780 Sall.
815 1722 927 1794 Fragor.
944 1723 998 1790 lV,
1014 1725 1059 1780 36.
1085 1721 1208 1793 Scyllam
1221 1721 1333 1776 accolae

251 1822 353 1862 sacrum
367 1808 442 1860 mari
459 1807 602 1862 tirrmirrens
615 1809 777 1880 appellunt,
796 1808 883 1862 uenite
899 1807 1053 1864 celebratae
1067 1806 1180 1878 formae
1200 1805 1335 1876 procul

251 1890 460 1946 visentibus.
477 1888 552 1954 Curi,
568 1891 609 1958 V,
630 1895 722 1960 1,3e.
751 1892 848 1948 lustin.
870 1891 924 1958 lV,
948 1898 978 1959 1,
1000 1897 1043 1950 18.
1063 1919 1107 1930 -
1123 1891 1332 1948 Freinshemius

252 1977 379 2047 scripsit:
392 1976 496 2046 precii
509 1977 605 2030 cisum
619 1977 814 2045 cadaveribus,
830 1990 901 2047 quac
915 1981 1068 2032 erescerm
1078 1974 1151 2046 setta
1160 1977 1245 2047 patr,
1261 1990 1332 2045 quae

253 2067 282 2116 ul
297 2062 489 2127 aliotacea1n‚
506 2077 607 2116 versus
622 2061 737 2118 modum
753 2063 837 2132 longe
857 2061 1010 2118 excedunt.
1025 2091 1067 2102 --
1091 2061 1122 2114 ln
1146 2061 1241 2116 verbis
1259 2058 1333 2130 fulto

245 2147 323 2218 polis
341 2148 411 2218 fieri
431 2161 449 2200 a
473 2145 640 2218 Kreyssigio
659 2146 741 2202 nobis
760 2144 965 2203 discedendum
985 2147 1155 2216 putavimus.
1179 2143 1247 2200 God.
1267 2145 1331 2200 Val.

144 2289 150 2298 ,
253 2247 338 2302 quum
353 2231 457 2288 habeat
470 2231 562 2286 FULT
569 2269 757 2301 ............
777 2231 850 2302 felte
873 2232 941 2286 setis
960 2237 1066 2290 certum
1082 2237 1126 2287 est
1150 2236 1265 2304 propter
1279 2244 1331 2286 re-

250 2319 367 2372 centia
383 2314 556 2390 [cadauera]
569 2315 707 2382 Quoniam
721 2323 815 2374 autem
828 2317 944 2387 planum
957 2322 1000 2371 est
1013 2316 1165 2372 ablativum
1179 2312 1331 2382 excidisse,

252 2419 307 2472 quo
321 2400 395 2472 fulta
414 2400 592 2472 participium
613 2400 792 2470 definiretur,
816 2401 1001 2474 Kreyssigius
1021 2399 1167 2456 arboribus
1186 2401 1215 2454 in
1231 2401 1332 2454 lacuna

253 2487 342 2542 luisse
357 2485 492 2553 coniecit,
509 2501 543 2540 ea
557 2502 630 2541 voce
645 2488 749 2557 stipites
763 2487 809 2540 vel
819 2487 904 2557 potos
919 2485 1073 2558 significari
1093 2491 1206 2557 putans.
1229 2482 1286 2540 Sed
1302 2483 1331 2544 td

253 2572 335 2626 uobis
346 2569 432 2625 valde
448 2569 562 2626 dubium
578 2576 637 2638 est,
657 2587 749 2642 neque
770 2571 970 2643 Kreyssigius,
989 2571 1060 2626 alias
1083 2570 1112 2626 in
1127 2568 1261 2642 loquendi
1277 2586 1332 2624 usu

253 2655 389 2726 exemplis
401 2653 540 2710 firmando
556 2654 804 2726 diligentissimus,
821 2656 951 2726 exempla
965 2657 1064 2712 attulit.
1093 2653 1185 2721 Quare
1199 2654 1331 2712 Frontino

253 2740 326 2798 duce
341 2740 489 2811 posuimus
504 2739 581 2811 petie
599 2742 682 2812 fieri,
706 2758 779 2812 quae
795 2744 883 2796 verba
903 2747 959 2796 tum
975 2741 1015 2794 rei
1038 2739 1338 2825 accommodatissime

252 2831 330 2894 suut,
346 2831 404 2880 tum
419 2825 522 2880 iustum
536 2827 631 2882 versui
650 2828 781 2884 ambitum
801 2827 946 2898 praebent.
974 2823 1138 2882 Gerlaehius
1159 2825 1188 2880 in
1202 2824 1248 2880 ed.
1265 2823 1331 2878 urai.

253 2909 444 2968 tantummodo
454 2909 527 2981 fulta
542 2912 698 2982 expressit,
714 2911 837 2968 ablativo
859 2927 915 2968 non
937 2908 1043 2966 addito.
1064 2939 1107 2952 -
1128 2908 1260 2966 Recentie
1282 2923 1330 2962 ca·

250 2995 356 3052 devera
370 2995 554 3068 Kreyssiglus
566 3013 602 3052 ex
617 2998 681 3054 eod.
694 2998 760 3053 Val.
773 2997 902 3068 vestigiis
917 2992 1122 3050 RECENTIAC
1136 3031 1233 3050 .....
1256 2998 1333 3048 certa

252 3097 336 3137 manu
357 3082 484 3138 restituit.
500 3111 544 3122 —-
557 3082 621 3138 Non
635 3085 729 3140 minus
744 3087 825 3138 acute
845 3081 921 3136 idern
937 3096 973 3134 ex
986 3079 1109 3136 residuis
1125 3078 1189 3134 cod.
1211 3079 1274 3136 Vat.
1291 3079 1332 3138 lit·

253 3168 320 3223 leris
343 3166 546 3224 ...BROSIGN
555 3205 659 3226 .......
683 3172 831 3222 assecutus
850 3171 894 3220 est
914 3163 991 3236 apud
1012 3163 1174 3220 Sallustium
1195 3165 1285 3220 luisse
1306 3167 1333 3218 et

252 3253 367 3308 crebros
383 3255 453 3325 ἰρηίε
466 3251 608 3323 fecerant,
630 3253 708 3306 nisus
724 3249 848 3305 Frontini
864 3250 959 3304 verbis
974 3249 1080 3321 turribus
1095 3264 1152 3320 per
1165 3255 1221 3306 teto
1236 3253 1331 3304 castra

144 3341 152 3356 '
251 3337 351 3409 fectis,
367 3335 668 3408 eteoll.Soll.1ug.o.
684 3331 852 3402 >levius
878 3334 951 3392 Deire
965 3334 1107 3390 crebris
1120 3333 1261 3406 ipuibus
1276 3333 1330 3404 fu-

200 3479 202 3484 ,
252 3423 300 3474 cti
305 3434 320 3475 s
330 3421 494 3492 plerumque
509 3422 595 3474 noctis
606 3420 722 3476 barbari
733 3433 783 3474 sito
798 3433 875 3480 mere
889 3420 997 3476 laeum.
1012 3421 1051 3475 ib.
1068 3436 1093 3474 c.
1109 3417 1183 3489 CVI,
1198 3422 1224 3476 4.
1253 3417 1332 3492 Seite

252 3506 282 3558 in
303 3507 404 3559 castris
424 3506 516 3576 ienis
542 3521 643 3574 quam
667 3504 916 3562 creberrumos
941 3493 1035 3574 'fieri
1056 3505 1143 3560 truse.
1185 3504 1225 3561 De
1247 3503 1330 3558 simili

253 3593 450 3660 strategemate
471 3591 645 3660 comparavit
663 3589 787 3644 Frontin.
809 3589 835 3656 l,
857 3595 888 3656 1,
904 3591 929 3647 t.
947 3592 974 3642 et
987 3592 1013 3646 9.
1035 3588 1061 3654 l,
1080 3595 1112 3656 o,
1133 3591 1177 3648 m.
1193 3589 1329 3659 Polyaen.

255 3672 338 3728 Strat.
352 3672 402 3740 111,
420 3677 451 3741 9,
469 3679 514 3732 50.
530 3674 581 3741 lll,
598 3679 645 3741 11,
662 3679 706 3732 15.
725 3673 790 3742 Vll,
807 3680 855 3740 11,
876 3676 904 3730 4.
925 3673 986 3728 Liv.
1003 3671 1110 3739 XXXI,
1125 3677 1174 3742 38,
1190 3679 1233 3732 10.
1264 3673 1331 3728 Pru·

253 3757 351 3814 denter
366 3773 478 3827 quoque
494 3756 568 3812 idem
589 3759 696 3814 monuit
711 3758 870 3815 cavendum
886 3772 967 3823 esse,
990 3773 1025 3810 ne
1040 3757 1103 3827 quis
1118 3773 1154 3816 ex
1168 3757 1232 3812 cod.
1248 3755 1330 3814 vesti-

252 3844 307 3915 giis
324 3842 482 3912 suspicetur
498 3842 630 3913 scriplum
645 3844 733 3898 fuisse
748 3843 845 3898 erebro
859 3843 966 3913 myrum
979 3842 1135 3910 dammmet
1150 3842 1239 3898 simile
1253 3839 1329 3911 quid.

251 3928 324 3984 Nam
340 3943 424 3998 quum
438 3926 608 3982 bucinatoris
630 3933 706 3984 esset
725 3926 899 3999 singularum
919 3926 997 3984 inilia
1017 3926 1176 3998 vigiliarum
1195 3925 1331 3992 indicare,

253 4029 309 4067 non
324 4013 423 4068 crebro
445 4011 488 4080 id,
511 4011 563 4068 sed
584 4020 681 4083 quater
701 4010 894 4066 tantummodo
918 4026 969 4082 per
985 4019 1096 4068 noctem
1110 4010 1210 4080 fiebat;
1228 4025 1329 4081 neque,

252 4096 330 4167 quod
344 4113 374 4152 re
389 4098 424 4154 ab
436 4096 568 4158 hocloco
582 4114 700 4168 prorsus
715 4096 861 4168 abhorret,
876 4111 939 4152 cum
960 4097 1096 4152 orationis
1117 4096 1251 4154 universa
1265 4111 1320 4152 eon

254 4183 420 4238 formatione
434 4187 527 4253 potest
541 4184 694 4238 conciliari.

336 4270 363 4334 s·
378 4268 405 4326 6.
423 4266 589 4336 Formidini)
605 4266 696 4335 Quum
713 4281 749 4322 ex
763 4263 819 4322 hoo
832 4280 917 4322 versu
930 4265 960 4320 iu
975 4264 1039 4321 cod.
1057 4265 1123 4320 Val.
1143 4264 1212 4322 nihil
1234 4280 1332 4335 super-
