3062 4958
209 357 274 424 Ἀθ
569 362 598 418 o.
620 361 793 420 satiasti
815 359 928 420 carsii

211 551 366 634 eitantm!
421 549 515 634 Quae
539 550 689 640 proiecto
722 548 888 620 incussum
915 548 1116 641 agebantur,
1146 547 1174 616 si
1200 545 1293 638 prius
1372 553 1375 558 ’

210 697 310 773 quam
329 697 392 745 vos
410 674 580 746 serviundi
598 674 714 759 finem,
729 674 775 744 illi
793 673 1024 758 dominationis
1045 671 1160 744 facturi
1182 675 1292 760 erant3

211 799 405 896 praesertim
429 823 528 894 quum
550 799 602 870 bis
627 797 777 869 civilibus
799 783 899 868 armis
921 799 1008 868 dicta
1027 797 1107 884 alia,
1129 798 1190 868 sed
1215 819 1293 868 cer-

212 929 315 996 tatum
331 924 494 1018 utrimque
508 925 550 994 de
564 923 786 994 dominatione
804 923 837 992 in
856 923 952 994 vobis
972 924 1025 993 sit.
1054 923 1169 1016 ltaque
1181 923 1333 994 ceteram

212 1073 255 1122 ex
279 1050 414 1120 licentia
430 1053 487 1120 aut
514 1049 592 1122 odio
611 1054 669 1119 aut
693 1048 832 1120 avaritia
853 1043 886 1118 in
912 1042 1044 1138 tempus
1063 1069 1193 1136 arsere3
1213 1069 1295 1140 per-

213 1308 348 1350 exercere
371 1294 401 1346 in
424 1292 559 1364 almos),
585 1289 687 1346 eadem
715 1287 828 1344 dicendi
856 1289 926 1344 ratio
953 1289 1037 1344 etiam
1058 1289 1091 1344 ‘in
1120 1289 1294 1346 substantivo

213 1378 366 1448 conspicua
382 1382 434 1430 est.
455 1376 496 1431 lta
508 1375 591 1447 igitur
607 1373 701 1429 differt
712 1374 858 1429 dominatio
873 1375 901 1428 in
916 1387 963 1429 noa
976 1379 1003 1428 et
1016 1375 1163 1430 dominatio
1174 1373 1202 1428 in
1213 1373 1294 1442 vebia
1365 1391 1367 1394 ·

212 1470 242 1518 ut
256 1461 325 1518 illud
342 1461 505 1532 simpliciter
522 1459 653 1532 designet
675 1458 807 1514 offlectam
828 1457 1044 1527 dominationis,
1067 1460 1087 1514 i.
1108 1474 1134 1512 e.
1155 1473 1221 1525 eos,
1248 1460 1293 1530 qui

213 1546 430 1602 dominationem
451 1546 608 1617 patiuntur,
637 1543 691 1599 boc
718 1543 813 1614 paullo
840 1543 1002 1614 generalius
1024 1541 1145 1611 indicet,
1166 1541 1213 1598 ubi
1234 1543 1295 1598 sive

212 1631 291 1706 opud
303 1645 371 1704 quoa
388 1628 542 1685 dominatio
564 1630 666 1685 valeat.
695 1628 848 1698 Utrumque
864 1626 967 1682 eodem
984 1628 1071 1696 redit,
1087 1628 1142 1683 nisi
1160 1626 1236 1698 quod
1251 1644 1296 1682 ac·
1313 1614 1323 1635 ‘

185 1767 187 1772 ,
213 1716 375 1783 cusativus,
394 1729 449 1786 quc
465 1713 616 1770 Sallustius
639 1713 667 1766 in
689 1711 790 1768 eadem
807 1728 837 1766 re
852 1712 967 1784 Fragm.
990 1713 1017 1781 I,
1038 1716 1090 1782 46,
1107 1718 1132 1770 2.
1153 1729 1222 1768 usus
1243 1717 1294 1778 est,

214 1799 320 1858 servitii
337 1800 479 1853 notionem
500 1799 660 1871 graviorem
684 1796 777 1852 habet.
800 1795 868 1851 Cum
888 1801 984 1853 nostro
1008 1797 1071 1852 loco
1093 1799 1222 1870 congruit
1238 1794 1295 1852 Cic.

214 1887 242 1941 in
258 1886 341 1940 Verr.
356 1883 397 1950 V,
413 1887 464 1951 68,
481 1885 541 1942 175.
561 1881 634 1938 Tulit
646 1880 716 1936 baec
729 1881 822 1936 οἰυίἰαε
837 1883 942 1955 reqiom
957 1883 1039 1938 istam
1053 1889 1172 1938 cestram
1186 1881 1297 1938 donti-

214 1972 387 2026 nationem
403 1969 438 2024 in
453 1966 600 2023 indiciis
617 1971 650 2021 et
669 1966 758 2022 omni
771 1967 967 2038 republica.

298 2059 325 2121 s.
341 2058 385 2112 la.
405 2051 503 2125 Itaqiie
516 2051 774 2119 cetero—arsere)
786 2052 863 2106 Haec
873 2050 1037 2106 Arusianus
1055 2067 1081 2105 v.
1102 2053 1130 2104 in
1149 2053 1254 2122 tenpus
1269 2067 1296 2121 p.

214 2143 276 2200 241.
293 2136 426 2194 Lindon
440 2137 476 2191 111
492 2136 596 2192 laudat.
617 2167 659 2177 -
681 2136 785 2192 atraere
800 2135 910 2192 Cortius
931 2151 1081 2207 perperam
1103 2136 1298 2206 interpretatur

214 2223 321 2297 afflicta
337 2228 363 2278 et
375 2227 477 2278 venato
491 2227 569 2290 sunt,
588 2237 622 2277 ac
638 2221 803 2293 perversius
818 2221 903 2276 etiam
920 2222 1036 2276 aiteram
1057 2219 1158 2276 suadet
1169 2219 1298 2290 explica-

213 2310 332 2378 tionem,
347 2312 376 2362 ut
391 2306 540 2363 anserede
556 2307 696 2362 nobilibus
712 2305 815 2378 dictum
832 2312 924 2361 cetero
939 2306 1079 2362 obiectum
1096 2305 1211 2373 habeat,
1228 2311 1299 2359 sbu-

214 2400 292 2450 ctura
307 2409 340 2448 ac
357 2392 494 2448 sententia
508 2391 571 2460 tali,
593 2392 684 2462 quatis
707 2397 749 2446 est
771 2391 847 2461 apud
863 2391 941 2462 Virg.
958 2390 1015 2445 Eat.
1033 2391 1070 2459 11,
1090 2397 1114 2448 1.
1136 2390 1299 2446 Formosum

208 2484 310 2552 postor
328 2477 454 2549 Corydon
471 2475 588 2530 ardebat
602 2476 710 2532 Alexin.
731 2475 768 2529 At
783 2475 874 2531 Faber
890 2477 957 2530 scita
971 2475 1077 2530 monuit
1094 2475 1199 2536 ardere
1211 2481 1300 2532 trans·

214 2565 270 2618 late
285 2561 340 2617 dici
357 2559 393 2616 de
409 2562 460 2628 iis,
477 2576 549 2631 quae
567 2560 613 2614 vel
632 2560 695 2631 ipsa
710 2558 891 2615 vehementer
907 2566 1045 2616 commota
1061 2567 1088 2616 et
1108 2561 1214 2633 agitata
1233 2561 1299 2629 sint,

215 2649 262 2704 vel
277 2650 391 2718 propter
412 2637 492 2715 quae
506 2644 636 2700 homines
657 2645 851 2716 exagitentur,
869 2645 933 2700 coli.
956 2645 1016 2699 Liv.
1039 2645 1077 2714 Π,
1099 2649 1143 2714 29,
1166 2650 1210 2704 12.
1237 2643 1299 2700 lom
1347 2679 1356 2688 ι

215 2733 277 2801 bic,
292 2746 344 2803 qno
360 2745 435 2784 nnnc
450 2731 564 2784 omnio
579 2730 723 2798 ardent,
742 2730 902 2784 conticescet
913 2730 1007 2803 furor.
1023 2729 1065 2784 ld.
1081 2731 1135 2797 VI,
1149 2735 1194 2798 31,
1206 2735 1231 2788 l.
1250 2729 1299 2785 In·

214 2815 351 2889 sequentia
361 2817 430 2870 enni
440 2816 631 2887 principia
642 2817 733 2869 atatim
748 2813 878 2870 sedinone
892 2816 994 2887 inqenti
1007 2829 1143 2870 arsere.
1161 2813 1298 2887 Gie.Epp.
1367 2882 1369 2886 Ι

216 2901 253 2957 ad
269 2899 303 2968 Q.
318 2899 363 2954 Fr.
380 2900 412 2968 ΙΙ,
429 2904 471 2966 15,
487 2905 557 2954 extr.
572 2898 642 2956 Rea
656 2901 762 2954 ardet
773 2900 882 2956 invidio.
898 2899 991 2968 Quare
1008 2901 1145 2956 sententia
1160 2900 1213 2954 loci
1227 2899 1309 2955 haec·

216 2992 273 3041 cst:
292 2989 401 3052 cetera,
423 2990 506 3058 prout
520 2986 633 3040 licentia
653 2989 700 3040 aut
715 2983 812 3038 odium
829 2989 876 3038 aut
891 2985 1009 3040 avaritia
1028 2985 1142 3040 valebat
1162 2991 1243 3056 atque
1259 2985 1299 3038 in·

216 3071 352 3143 stigabat‚
367 3085 418 3142 per
436 3067 550 3142 aliquod
568 3076 675 3126 tantum
692 3075 800 3138 tempus
816 3068 938 3124 bonnas
958 3069 1137 3141 ecoqimbont
1152 3084 1300 3142 eorumque

213 3156 304 3212 stcidia
318 3160 344 3210 et
356 3156 519 3228 cupidtotes
535 3151 807 3212 exercebant—In
822 3159 937 3225 tempas,
946 3153 1023 3226 quod
1032 3155 1199 3227 praegnanti
1213 3171 1300 3210 sensu

214 3244 299 3298 estin
312 3240 424 3313 aquosi
436 3247 543 3312 tempto
558 3242 602 3309 (v.
618 3237 711 3293 Hand.
728 3236 764 3291 de
780 3238 897 3294 Particc.
913 3240 959 3294 lat.
976 3240 1041 3293 Vol.
1056 3239 1100 3293 llI.
1117 3257 1144 3311 p.
1153 3242 1216 3298 338.
1233 3243 1257 3304 S.
1272 3244 1300 3298 3.

214 3331 242 3380 et
258 3325 346 3381 Tacit.
362 3325 437 3380 Ana.
453 3325 528 3393 XIV,
542 3329 593 3391 no,
609 3324 667 3391 2.),Ι
677 3321 826 3393 opponitur
843 3325 1023 3396 sequentibus
1039 3325 1134 3380 verbis
1143 3325 1301 3396 permensit

213 3425 271 3466 nito
284 3423 331 3464 res
343 3409 437 3477 modo,
447 3405 528 3480 'qnae
543 3409 679 3478 nanque
695 3409 819 3478 quomo
831 3413 884 3479 eat,
901 3425 955 3480 quo
974 3411 1113 3464 sententia
1127 3409 1198 3464 haec
1213 3409 1301 3466 effici·

189 3493 191 3496 ’
213 3501 271 3550 turi
290 3497 384 3549 cetera
399 3493 551 3547 conamina
566 3493 595 3546 in
615 3491 730 3562 aliquod
745 3498 854 3563 tempus
879 3493 963 3548 modo
978 3494 1145 3565 viguerunt3
1164 3492 1215 3549 sed
1234 3509 1301 3549 con-

215 3579 300 3634 tentio
316 3575 351 3632 de
366 3576 514 3632 tribunicia
536 3581 674 3647 potestate
697 3578 766 3632 sota¹
778 3593 830 3648 per
856 3583 941 3633 totum
963 3577 1017 3638 hoc
1036 3584 1146 3650 tempus
1168 3580 1300 3634 continua

215 3665 279 3731 tuit,
295 3677 387 3733 neque
403 3677 526 3733 unquam
543 3661 712 3734 intermissa.
728 3692 771 3700 —-
791 3661 930 3734 Utrimque
951 3665 1075 3735 quaesito
1098 3661 1207 3719 Cottius
1223 3655 1299 3720 recte

216 3751 413 3818 interpretatur
427 3763 464 3814 „a
479 3746 571 3816 plebe,
587 3751 616 3800 ut
630 3745 836 3815 confirmarent,
853 3750 887 3802 ab
905 3749 1084 3818 optimatibus
1098 3755 1127 3802 ut
1142 3749 1299 3803 tollerent.“

214 3865 256 3874 -
271 3831 364 3888 Telum
386 3829 487 3885 dicitur
507 3836 637 3901 potestas.
651 3832 797 3887 tribunicia
818 3847 874 3889 non
890 3849 944 3903 quo
961 3831 995 3886 eb
1009 3833 1107 3903 plebes
1123 3831 1299 3899 defendatur,

216 3917 267 3974 sed
283 3915 358 3988 quod
378 3916 440 3970 eius
455 3932 509 3986 ope
525 3917 644 3987 impetus
667 3917 694 3975 in
711 3917 882 3972 nobilitatem
903 3933 1066 3988 paucosque
1088 3923 1217 3988 potentes
1238 3916 1300 3972 fieri

214 4005 348 4074 possunt;
365 4001 402 4055 ct.
418 4000 504 4056 Tacit.
521 4000 589 4055 dial.
605 3999 639 4054 de
658 4007 729 4055 orat.
747 4019 770 4055 c.
786 4007 813 4058 5.
834 3999 895 4056 Non
905 4001 1018 4057 terente
1033 4002 1120 4058 lorica
1132 4009 1181 4058 ant
1191 4001 1301 4074 alodios

111 4142 116 4152 ,
215 4089 243 4142 in
258 4088 317 4142 acie
329 4087 437 4157 firmite
454 4088 655 4154 munimntum,
671 4101 753 4157 wem
766 4101 813 4142 res
828 4091 855 4142 et
863 4085 1034 4160 periclitanti
1047 4088 1198 4159 eloquentia
1212 4101 1301 4158 proe-

215 4173 313 4228 aidium
326 4171 580 4253 amalettelnin,
598 4186 651 4242 quo
665 4185 849 4243 propinquare
857 4173 970 4242 parite
989 4178 1016 4228 et
1031 4173 1214 4227 incessere
1231 4185 1301 4242 poa-

215 4259 258 4316 sit.
278 4259 338 4314 Liv.
356 4257 396 4324 V,
413 4259 462 4326 29,
478 4261 505 4316 9.
529 4255 560 4314 Si
573 4255 716 4314 tribunicio
729 4255 768 4310 aab
785 4255 927 4318 nibnnnio
947 4257 1050 4315 numia
1065 4258 1165 4332 repelli
1173 4261 1299 4338 nequierit,
