3102 4956
452 379 701 441 nrsrontsltttn
720 373 956 436 FRAGMENTA.
998 377 1066 434 LIB.
1087 377 1135 432 lll.
1261 367 1327 436 250

241 569 417 642 eonomine
436 567 552 640 oonsili
579 567 663 638 inter
682 587 722 638 se
747 567 840 636 iuris
866 565 1060 638 sodltinrem
1091 567 1200 649 erent,
1225 561 1325 634 Crixo

241 702 274 766 et
296 695 407 789 gentis
429 692 577 764 eiusdem
599 685 706 762 ustus
734 695 834 784 etque
864 690 1195 765 (sermonum
1222 690 1270 762 ire
1290 695 1325 762 el

201 823 328 891 ruultro
350 819 471 890 ollone
493 834 640 910 pugnum
665 809 888 910 cupientibus,
918 823 1033 890 contre
1053 819 1214 912 Spurium
1237 870 1245 888 .
1265 817 1325 888 ,ιιι

242 942 696 1038 seeum..neqm..au
723 941 754 1011 id
778 946 1084 1037 respuemus
1110 943 1324 1016 ssulu..rn

242 1151 542 1210 ouinsrsliohseoest:
556 1149 594 1204 illi
603 1149 951 1216 inulaseditionemorsnt
960 1147 1083 1205 cruo-
1092 1155 1173 1223 utque
1180 1150 1326 1208 Gemunts

241 1240 354 1296 obviem
371 1238 411 1292 ire
424 1233 603 1307 cupientibus,
618 1239 716 1289 eontra
731 1231 870 1305 Spartaco
884 1233 1023 1305 proellum
1038 1233 1221 1303 nemauso,
1236 1245 1290 1293 ete.

328 1327 355 1387 ς.
371 1327 414 1381 12.
430 1320 509 1388 Ques
524 1318 578 1374 hee
592 1333 705 1390 paragr.
723 1319 899 1374 eontinentur
915 1319 1017 1386 verbs,
1032 1318 1070 1373 ite
1085 1322 1233 1376 obscurata
1250 1327 1324 1390 sunt,

244 1414 281 1475 nt,
295 1423 379 1478 quum
395 1405 542 1461 columnae
557 1403 671 1474 quintae
681 1409 709 1458 et
723 1409 844 1458 ootsvue
857 1402 953 1458 merlis
967 1417 1035 1473 pars
1044 1405 1127 1474 plone
1142 1405 1324 1475 excidentis

207 1493 216 1504 '
243 1493 418 1564 singulorum
440 1501 575 1544 versuum
597 1488 675 1544 initio
696 1486 889 1544 tantummodo
913 1487 1035 1559 quinque
1057 1503 1145 1544 serre
1165 1490 1280 1557 litterae,
1296 1492 1325 1546 ln

243 1577 297 1632 line
313 1581 405 1632 autern
422 1573 574 1645 pauciores
588 1573 672 1627 etiem
691 1572 851 1644 supersint,
873 1587 937 1628 raro
953 1571 981 1627 in
1002 1573 1140 1644 integrum
1155 1575 1324 1630 voosbulum

243 1667 388 1718 ooeuntes.
414 1655 601 1714 Nihilominus
621 1657 760 1714 sententis
779 1657 862 1714 totius
884 1659 936 1712 loei
960 1673 1016 1712 non
1034 1659 1071 1714 its
1085 1658 1230 1715 recondita
1246 1659 1326 1718 vide·
1361 1694 1365 1703 ι

243 1754 302 1815 tur,
329 1753 359 1801 ut
381 1761 437 1800 non
457 1744 484 1799 in
502 1743 666 1801 universnm
688 1748 763 1798 certe
787 1739 897 1800 deliniri
923 1743 1023 1814 possit.
1066 1741 1204 1804 Unueeirn
1226 1745 1324 1815 primis

243 1833 317 1886 enirn
336 1829 467 1888 versibus
482 1828 637 1884 sustinetur
653 1843 746 1884 sermo
762 1827 890 1898 Sportuoi
906 1834 1004 1884 eontra
1020 1827 1144 1894 Crixum.
1161 1845 1216 1901 quo
1230 1829 1325 1886 docuit

243 1918 316 1972 iuste
329 1929 425 1988 pugno
447 1909 643 1970 abstinentium
661 1929 736 1982 esse,
754 1911 838 1984 idque
853 1912 1010 1985 egendum,
1032 1919 1062 1970 ut
1075 1914 1221 1986 oppressis
1238 1915 1325 1971 hosti·

242 2004 295 2058 bus
316 2007 344 2055 et
366 2000 496 2057 extinctis
518 2014 555 2054 ex
576 1997 655 2054 Italis
678 2000 706 2053 in
730 1998 848 2071 petrium
868 1997 986 2070 quisque
1008 2014 1088 2054 susm
1103 2005 1325 2072 perrumperent.

242 2087 319 2142 lisso
341 2087 428 2141 verbs
453 2083 566 2155 oblique
587 2084 715 2140 orulione
739 2098 805 2138 esse
832 2088 970 2154 conceptu
994 2083 1156 2156 intelligitur
1178 2099 1262 2156 quum
1289 2103 1324 2140 err

243 2171 366 2242 vestigio
386 2169 557 2224 eoniunellvi
575 2202 622 2226 ...
643 2173 718 2224 asset
736 2181 824 2223 versu
838 2171 876 2236 s,
893 2171 948 2222 turn
972 2183 1008 2222 ex
1028 2175 1171 2238 postremo
1192 2172 1324 2225 enuncie-

243 2255 327 2312 lionis
341 2259 420 2336 purte
436 2267 521 2309 versu
540 2259 584 2312 10.
598 2258 626 2306 et
641 2258 684 2311 ll.
700 2251 783 2308 ulium
793 2292 800 2306 .
810 2287 832 2306 ..
842 2288 848 2305 .
858 2291 880 2306 ..
894 2253 1068 2324 sopiendum.
1097 2251 1127 2306 ln
1144 2255 1325 2326 sequentibus

244 2341 417 2411 expositum,
440 2353 524 2409 quern
543 2338 623 2394 varie
638 2337 766 2410 Spsrtuui
787 2337 877 2392 orstio
893 2351 909 2391 n
928 2336 1122 2408 prudentibus,
1141 2353 1158 2394 e
1173 2339 1283 2394 stolidis
1298 2345 1325 2394 et

245 2443 261 2480 a
284 2426 368 2497 vulgo
388 2437 534 2479 servorum
554 2429 675 2494 exoepls
695 2422 787 2478 luerit.
826 2420 901 2476 llsee
917 2437 974 2484 non
992 2423 1053 2478 sine
1068 2423 1162 2494 ulique
1175 2425 1326 2495 probabili·

245 2517 299 2566 tute
316 2509 497 2581 supplevisse
512 2509 593 2564 nobis
610 2507 754 2574 vitemur,
779 2505 817 2562 itu
831 2512 942 2576 tumen,
959 2513 987 2562 nl
1009 2509 1121 2581 singula
1138 2509 1224 2564 verbu
1245 2525 1325 2581 prse-

245 2602 320 2652 sture
335 2595 472 2668 nolimus;
487 2595 517 2648 in
532 2593 723 2668 superioribus
742 2593 814 2648 ultre
827 2605 980 2664 pensurum
996 2609 1099 2651 vouurn
1121 2594 1324 2650 restitutionem

244 2679 380 2753 progredi
396 2695 453 2734 non
468 2679 619 2737 valuimus.

328 2768 360 2820 m·
371 2765 478 2831 suum)
492 2761 563 2818 Cori.
577 2763 641 2818 Vnt
657 2761 787 2819 Nissen
802 2761 1035 2836 Kreyssigii
1050 2764 1220 2831 surrectura,
1242 2777 1325 2835 quern

246 2851 367 2904 intentu
384 2847 592 2919 expressimus,
615 2861 672 2902 non
686 2847 777 2902 minus
794 2849 913 2918 ineerta,
939 2863 1021 2919 quum
1045 2848 1068 2902 si
1091 2848 1246 2919 suspiceris
1262 2863 1327 2905 secu

245 2933 411 3005 perticulam
426 2947 492 2988 esse
507 2935 617 2986 semu
630 2929 779 3001 participii.
801 2961 843 2970 -
866 2929 911 2987 Au
922 2933 952 2986 td
964 2939 1071 3002 tempus
1084 2932 1179 2988 inesse
1196 2935 1224 2988 ln
1240 2935 1327 3005 sorlp·

245 3026 307 3074 tura
322 3017 386 3074 eod.
401 3017 467 3072 Vnt.
483 3043 492 3070 v.
503 3055 510 3071 .
523 3011 694 3070 Dlll'l'lllllP.
705 3051 732 3070 ..
748 3015 932 3088 Kreyssigius
947 3021 1025 3070 reete
1039 3018 1136 3071 sensit.
1147 3044 1188 3056 -
1200 3017 1231 3072 In
1242 3019 1329 3074 vesti·

247 3105 302 3175 giis
328 3100 392 3158 uod.
415 3096 642 3168 ...prosecuti
655 3137 701 3157 ...
723 3100 817 3156 inesse
834 3101 950 3156 verbum
963 3099 1105 3155 recludere
1121 3099 1196 3156 idern
1211 3116 1326 3157 essecu-

247 3195 290 3246 tus
314 3194 365 3244 est.
398 3187 528 3242 Fortasse
547 3186 596 3240 luit
617 3197 730 3258 sumptae
751 3187 900 3254 reclusum,
925 3183 1001 3256 quod
1022 3183 1059 3240 sd
1073 3184 1222 3240 Veriniunr
1241 3188 1327 3257 perti-

247 3275 315 3329 nuit.
335 3301 379 3312 -
404 3272 523 3327 Litterae
540 3285 615 3326 ...m
627 3275 655 3325 et
668 3271 745 3326 extis
758 3309 781 3326 ..
792 3309 815 3325 ..
838 3270 942 3326 ducunt
960 3268 997 3326 ed
1019 3272 1181 3342 celinquere
1199 3273 1328 3339 verbum,

248 3357 325 3430 quod
339 3359 400 3414 sive
415 3355 593 3428 perticipium
608 3355 666 3415 luit.
681 3357 743 3412 sire
759 3356 876 3423 linitum,
893 3355 928 3410 (le
944 3355 1061 3410 Varinio
1077 3355 1180 3410 tiletum
1195 3361 1274 3428 pulo.
1284 3383 1327 3396 -·

248 3441 382 3515 Syllebee
489 3447 563 3496 assu
579 3439 656 3496 haud
675 3449 773 3512 aperte
796 3443 927 3514 leguntur
948 3439 975 3494 in
997 3441 1063 3496 eod.
1078 3441 1156 3510 Vnt,
1176 3442 1223 3511 qul
1244 3439 1329 3497 hebet
1367 3451 1371 3461 ¹

306 3525 621 3592 ss-sltrllstJ...;
644 3525 736 3581 Melus
759 3531 852 3582 lernen
874 3525 1047 3597 scripulis,
1066 3524 1133 3582 snt)
1155 3523 1264 3582 HAUD.
1285 3554 1328 3565 --

248 3611 295 3668 Ad
317 3627 389 3683 quae
403 3613 492 3667 verbs
508 3609 692 3682 pertinuerint
707 3611 834 3682 syllabae
916 3624 987 3684 uque
1003 3619 1102 3686 quareo
1118 3624 1199 3688 neruo
1216 3610 1328 3666 dixerit.

251 3727 289 3740 «-
307 3697 385 3765 Quae
407 3699 561 3766 sequuntur
583 3697 734 3752 verborum
752 3696 889 3766 reliquiae
914 3697 1046 3767 quonism
1066 3702 1218 3752 extremum
1241 3695 1326 3767 Sper-

246 3783 302 3839 'tuei
314 3782 469 3838 orationem
481 3783 630 3847 continent,
643 3785 672 3835 ut
682 3784 761 3852 patet
770 3795 805 3834 ex
814 3787 918 3836 mutatu
927 3782 1103 3853 sequentium
1112 3781 1330 3848 construetione,

250 3871 279 3925 in
294 3867 357 3926 eod.
369 3867 435 3921 Vat.
450 3865 580 3936 vestigiis
596 3863 792 3922 ..UDALIAM
801 3905 961 3922 ..........
970 3865 1158 3922 APIENDAM
1175 3867 1263 3920 latere
1281 3883 1330 3920 su-

250 3949 444 4026 spreorpauu
457 3951 541 4005 uliam
552 3951 645 4022 ipsis
657 3963 750 4020 spem
767 3949 930 4023 cupiendum
950 3965 1038 4006 esse.
1053 3979 1096 3992 -·-
1113 3949 1329 4022 APlspllebem,

251 4040 331 4095 euius
349 4038 441 4110 prims
455 4034 545 4091 littere
560 4049 617 4089 non
631 4035 715 4106 plene
733 4039 833 4104 exstet,
849 4034 1018 4092 Nieuunnus
1034 4037 1105 4090 ielso
1120 4036 1188 4106 legit
1201 4033 1277 4091 SPE.

337 4122 394 4179 Sed
408 4122 498 4194 putrui
512 4120 680 4192 metentes)
703 4118 734 4173 ln
752 4119 808 4174 line
828 4134 927 4176 versus
951 4125 994 4178 11.
1014 4119 1082 4175 nihil
1103 4126 1232 4190 superest
1248 4132 1331 4190 quum

252 4207 331 4275 Ριιιι,
349 4206 426 4279 qnod
442 4221 505 4262 uunr
522 4205 600 4260 initio
614 4218 717 4261 versus
734 4206 864 4263 inpone
881 4203 937 4259 uolt
951 4204 979 4259 in
989 4204 1153 4278 pmdmtes.
1181 4202 1231 4259 Cui
1246 4215 1330 4259 vous·

252 4291 316 4346 bulo
333 4289 409 4362 quoti
424 4289 622 4362 proemisimus
636 4287 688 4346 ted
701 4289 804 4362 pauet,
830 4301 886 4344 non
903 4289 1105 4360 improbabunt,
1123 4283 1170 4359 qul
1186 4287 1331 4343 nobiseum

1084 4373 1150 4448 ll*
