3096 4962
220 378 332 430 xxxtv
521 371 688 430 EDITORIS
711 371 891 429 EPISTOLA
911 372 1052 430 CRlTlCA

222 554 402 638 praeclusit,
439 554 615 631 interpretis
639 573 811 621 manusco
835 555 1000 629 contineri,
1033 563 1068 617 ut
1088 574 1151 618 non
1184 563 1246 618 tam
1276 554 1351 632 quid

146 710 148 713 .
220 677 328 722 verum
353 658 409 732 sit,
435 673 526 734 quam
542 657 616 733 quid
640 674 745 718 verum
767 675 838 718 esse
860 677 923 720 non
940 659 1057 736 possit,
1080 662 1221 736 exploret
1235 665 1265 718 et
1281 673 1353 721 con·

219 762 339 834 stituat,
364 758 468 820 omnia
490 776 527 818 ea
549 760 745 835 Fragmenta,
770 778 850 840 quae
873 762 903 822 in
926 763 984 822 hac
1007 761 1142 822 editione
1161 769 1289 838 propter
1309 760 1352 820 in-

220 861 435 940 explicabilem
461 879 570 923 corum
593 868 734 922 naturam
755 862 786 923 in
808 864 1012 940 appendicem
1034 863 1184 940 cuiusque
1208 861 1276 921 libri
1306 880 1352 922 re·
1403 920 1409 933 ,

218 965 294 1037 ieci,
327 963 439 1024 ceteris
465 964 507 1026 ita
520 964 700 1037 immiscuit,
725 965 814 1041 quasi
838 967 956 1047 omnia,
981 984 1042 1042 quo
1066 965 1265 1044 pertinerent,
1284 982 1352 1040 per-

218 1067 391 1143 spexisset,
423 1074 453 1127 et
472 1069 522 1126 vel
550 1067 682 1127 maxime
711 1067 846 1128 obscura
873 1076 903 1128 et
930 1045 1092 1130 re⁶condita
1117 1069 1177 1146 ipsi
1206 1067 1352 1142 expedita

218 1175 251 1229 et
272 1168 303 1229 in
326 1167 497 1229 clarissima
517 1172 586 1230 luce
607 1170 711 1246 posita
730 1177 847 1230 essent.
889 1172 973 1246 Quae
992 1189 1072 1231 vana
1090 1171 1199 1232 levitas
1220 1170 1269 1231 cui
1289 1188 1352 1232 non

217 1270 247 1330 in
280 1270 457 1332 memoriam
490 1280 618 1333 revocet
647 1272 870 1348 lepidissimum
907 1276 1008 1334 locum
1043 1274 1214 1334 Plautinum
1249 1272 1351 1347 (Trin.

217 1373 247 1445 l,
278 1372 311 1446 2,
349 1372 407 1434 162
430 1376 539 1449 sqq.)l
571 1377 724 1450 quemad
752 1375 886 1437 animum
913 1375 1147 1436 exhilarandum
1171 1375 1284 1448 Tuum,
1312 1373 1352 1434 mi

215 1477 479 1549 Wucstemanne‚
499 1477 547 1536 hic
571 1495 743 1554 apponam:

300 1631 377 1691 Nihil
400 1637 448 1690 est
469 1633 611 1706 prolecto
637 1632 759 1692 stultius
783 1650 886 1708 neque
909 1633 1061 1706 stolidius

298 1732 567 1807 Mendaciloquius
590 1718 757 1810 nil'nequc
780 1737 859 1794 adeo
883 1737 1033 1815 argutiuS,

298 1835 405 1910 Neque
428 1833 721 1910 confidentiloquius
745 1854 847 1912 neque
866 1838 1030 1913 periurius,
1069 1857 1077 1866 ·

302 1937 398 2012 Quam
418 1932 527 1996 urbani
549 1935 672 1997 adsidui
693 1939 794 2012 civeS,
818 1957 898 2015 quos
924 1957 1048 2000 scurras
1071 1946 1194 2001 vocant.

301 2043 406 2115 Atque
430 2045 553 2114 egomet
576 2057 625 2098 me
646 2041 725 2101 adeo
750 2039 817 2101 cum
841 2041 899 2102 illis
921 2062 983 2104 una
1005 2044 1117 2104 ibidem
1140 2043 1244 2103 traho:

303 2143 359 2220 Qui
384 2143 505 2202 illorum
527 2141 630 2202 verbis
655 2144 739 2204 falsis
765 2137 912 2221 acceptor
934 2147 986 2222 fui,
1257 2133 1258 2140 ἵ

301 2247 360 2317 Qut
380 2248 488 2307 oruata
501 2263 532 2304 sc
552 2249 694 2306 simulant
712 2252 789 2308 scire
809 2267 904 2324 acque
925 2252 1083 2324 quicquam
1101 2250 1207 2307 sciunt.

301 2347 388 2418 Quod
407 2351 529 2422 quisquc
546 2351 577 2406 tu
598 2353 696 2408 auimo
718 2351 806 2409 habet
822 2358 875 2409 aut
896 2352 1076 2424 habiturust,
1099 2352 1212 2419 sctuut;
1239 2359 1241 2363 '
1277 2430 1278 2434 Ἰ

301 2449 419 2522 Sciunt,
443 2450 517 2522 quid
534 2451 565 2507 iu
590 2465 693 2507 aurem
717 2468 774 2509 rex
795 2449 919 2524 raptaue
940 2454 1069 2521 dixerit·
1345 2441 1349 2452 '

299 2549 418 2625 Sciunt,
441 2551 522 2624 quod
540 2549 619 2608 Iunc
637 2549 806 2621 fabulatast
825 2569 892 2611 caat
912 2553 991 2612 Ioue.

301 2651 384 2723 Quae
405 2669 499 2726 aeque
517 2657 585 2710 suat
605 2668 699 2725 acque
714 2652 824 2724 futura
845 2666 927 2728 suut,
949 2657 994 2714 tat
1014 2657 1119 2714 sciunt.

298 2754 420 2815 Fatsou'
442 2771 481 2812 aa
504 2770 572 2812 uero
595 2753 730 2828 laudent,
753 2757 887 2831 cutpeut,
911 2773 996 2832 quem
1018 2757 1115 2827 aettut,

298 2857 364 2917 Nou
383 2855 627 2930 floccifactuut,
652 2857 722 2914 aum
744 2859 832 2932 tltud,
855 2860 935 2933 quod
955 2859 1067 2933 lubeat,
1089 2860 1195 2917 sctaat.
1232 2883 1234 2890 ⁴

302 3001 368 3070 Sed
388 3027 449 3086 quo
478 3009 600 3086 planius
624 3009 713 3070 etiam
737 3027 928 3089 cognoscas,
957 3011 1219 3091 quemadmodum
1247 3008 1278 3069 in
1305 2991 1348 3068 te-

213 3115 325 3177 nuibus
348 3120 379 3174 ct
394 3131 526 3190 prorsus
545 3113 688 3176 obscuris
704 3115 895 3190 Fragmentis
918 3115 1087 3178 tractandis
1109 3129 1248 3176 scurram
1260 3111 1347 3172 Plau-

212 3220 308 3282 tinum
336 3217 459 3296 potiuS,
496 3234 588 3294 quam
621 3217 759 3276 sobrium
788 3226 821 3278 et
851 3220 1111 3296 circumspectum
1147 3217 1346 3292 interpretem

211 3327 299 3401 agat,
318 3321 477 3397 ¹nonnulla
506 3320 650 3394 exempla
672 3317 816 3398 afferam,
851 3337 890 3380 ex
914 3322 1026 3398 quibus
1048 3321 1195 3382 universa
1217 3315 1284 3376 cius
1306 3317 1347 3374 lc-

152 3411 153 3414 '
210 3423 290 3482 vitas
311 3423 483 3482 luculenter
497 3419 625 3495 patebit.
671 3421 760 3494 Quod
775 3421 806 3482 in
825 3423 883 3484 hac
898 3426 948 3485 ed.
962 3425 1074 3502 legitur
1087 3424 1207 3496 Fragm.
1225 3419 1275 3492 lll,
1296 3415 1346 3478 88.

212 3526 276 3599 „Et
300 3525 385 3590 sorte,
402 3522 433 3581 in
455 3523 631 3598 navigando
660 3523 775 3584 cohors
797 3543 879 3604 una,
907 3510 1017 3604 grandi
1039 3526 1169 3603 phaselo
1190 3528 1294 3594 vecta,
1329 3536 1347 3578 a

212 3607 323 3687 ceteris
345 3624 515 3699 deerravit,
546 3625 686 3702 marique
707 3628 830 3703 placido
852 3647 871 3690 a
892 3631 1016 3692 duobus
1036 3629 1230 3706 praedonum
1259 3641 1346 3701 myo-

210 3727 382 3804 paronibus
406 3728 655 3802 circumventa,“
682 3729 734 3790 vix
754 3730 838 3792 aliud
865 3749 1059 3810 cognoscere
1084 3729 1170 3803 sinit,
1204 3745 1296 3804 quarn
1315 3725 1346 3788 in

208 3830 403 3905 praedonum
420 3829 586 3892 insolentia
599 3834 755 3894 narranda
771 3835 848 3896 hacc
865 3838 960 3897 verba
976 3838 1056 3896 lecta
1076 3835 1188 3904 luisse;
1211 3839 1344 3908 tempus,

210 3934 315 4006 locus,
338 3949 490 4009 persona,
516 3935 657 4010 occasio,
679 3944 820 4012 eventus
843 3939 921 4000 hacc
937 3937 1040 4000 omnia
1055 3936 1246 4012 ignorantur.
1282 3932 1344 3992 Sed
1439 3957 1446 3963 -
1536 3921 1537 3968 l

209 4034 270 4094 hoc
299 4053 362 4096 non
393 4035 527 4110 obstitit,
556 4037 721 4113 quominus
745 4041 924 4102 Gerlachius
953 4041 1024 4102 Vol.
1054 4041 1104 4098 Ill.
1133 4055 1164 4114 p.
1188 4037 1238 4096 91.
1272 4052 1344 4096 con-

209 4143 299 4197 sueta
320 4137 433 4198 fiducia
455 4139 619 4200 scriberet:
666 4142 732 4214 „de
755 4143 878 4218 reipsa
907 4145 945 4203 cf.
974 4143 1052 4202 Plut.
1076 4141 1193 4200 Lucull.
1219 4138 1267 4198 13.
1291 4135 1343 4197 ubi

184 4265 186 4269 v
208 4223 399 4300 Mithridates
425 4240 454 4301 in
478 4243 551 4318 luga
578 4260 597 4302 a
617 4243 724 4320 piratis
747 4253 915 4322 exceptus,
946 4247 1051 4307 salvus
1075 4243 1216 4304 evasisse
1240 4258 1342 4302 narra-

207 4349 289 4405 tur.“
331 4345 513 4406 Plutarchus
547 4352 650 4407 autern
678 4347 755 4408 hacc
785 4348 892 4409 habet:
937 4339 1159 4428 Μιθριδάτην
1194 4337 1238 4404 di·
1261 4334 1344 4403 aioa-
