3062 4958
459 367 707 428 nrsroruaauu
728 365 962 428 FRAGMENTA.
1006 368 1073 427 uta.
1089 367 1137 428 tv,
1269 361 1333 432 841

348 559 400 626 47.
446 553 542 625 Vino.

238 783 353 870 Ἴστρος
366 812 397 851 τι
414 788 465 852 καί
484 784 708 870 Διονυσόπολις,
725 815 753 854 ιι.
768 816 793 854 τ.
810 798 834 856 λ.
878 797 974 872 Mysos
989 797 1127 856 Thraciae
1145 814 1207 854 earn
1223 803 1332 870 partem
1427 797 1429 809 '

247 881 411 952 obtinuisse,
429 897 500 953 quae
517 883 603 938 estin
619 889 735 954 utraque
749 884 810 939 lstri
825 884 887 958 ripa
903 901 1004 945 versus
1017 886 1096 939 Ponti
1112 901 1199 952 oram,
1210 885 1333 956 comptu·

246 965 323 1022 nous
338 965 408 1022 roos
426 973 542 1024 testatur
557 967 668 1038 strabo,
683 971 761 1024 vent
775 969 822 1026 v1.
838 987 866 1044 p.
883 973 943 1030 aaa
964 969 998 1028 Α.
1012 969 1114 1028 armar.
1160 965 1280 1029 σαιουι
1300 953 1329 1024 a’

246 1037 291 1122 ἐφ’
316 1037 438 1126 ἑκάτερα
463 1051 515 1108 τοῦ
532 1041 649 1129 Ἴστρου
669 1046 719 1109 καὶ
742 1035 823 1110 οὗτοι
852 1056 907 1122 (sc.
923 1049 954 1110 οί
966 1045 1083 1126 Γέται),
1106 1047 1157 1110 καί
1177 1039 1198 1110 o‘
1216 1046 1332 1122 Μυσοί,

249 1123 363 1212 Θράσος
385 1125 465 1206 ὄντος
481 1129 532 1193 καί
547 1123 646 1209 αὐτοὶ,
666 1131 717 1194 ιιαλ
733 1125 785 1207 οὓς
800 1138 856 1195 νῦν
875 1125 1006 1206 Muttonis
1029 1137 1181 1196 καλοῦσιν.
1214 1138 1254 1195 Ι6.
1271 1139 1330 1198 ΧΙΙ.

142 1218 144 1224 ’
245 1235 273 1292 p.
289 1223 351 1279 8Ι6.
368 1219 398 1277 C.
428 1217 555 1300 Εἴρηται
570 1208 600 1278 δ’
624 1211 669 1279 ὅτι
691 1217 741 1278 καί
758 1209 842 1280 αὐτοὶ
857 1219 888 1278 οί
907 1216 1013 1280 Μυσοί
1034 1225 1088 1292 (se.
1105 1226 1135 1279 in
1150 1223 1235 1294 Asia)
1253 1219 1331 1299 Θρα-

247 1303 310 1361 κῶν
324 1293 444 1364 ίίιιοικοι
460 1300 515 1363 είσλ
528 1303 588 1364 τῶν
602 1305 658 1363 νῦν
673 1301 839 1382 λεγομένων
849 1305 979 1364 Μυσῶν.
1026 1307 1068 1364 Id.
1091 1305 1157 1364 ibid.
1176 1326 1204 1380 p.
1219 1313 1280 1368 849.
1297 1309 1329 1367 Β.

249 1378 408 1460 Διονύσιος
432 1377 514 1460 ὁτίις
532 1387 639 1461 κτίσεις
654 1381 832 1470 συγγράψας
853 1379 898 1450 ὅτι
913 1378 988 1449 κατὰ
1004 1382 1185 1468 Χαλκηδόνα
1206 1387 1256 1448 καί
1270 1393 1330 1450 no-

247 1465 364 1544 ξάνιιον
380 1463 416 1533 roi
430 1463 526 1551 στενοὶ,
544 1465 635 1534 ίίνῦν
644 1467 774 1554 spinae
790 1466 942 1556 Βόσπορος
953 1475 1093 1554 καλεῖται,
1106 1466 1248 1556 πρότερόν
1258 1491 1332 1552 φησι

247 1549 371 1617 Μίσιον
396 1549 552 1640 Βόσπορον
571 1552 859 1640 ’προςαγορεύεσθαι
911 1561 1005 1620 Τοῦτο
1036 1549 1061 1619 6⁰
1083 1553 1123 1621 ι’ίν
1143 1579 1187 1632 τις
1208 1555 1259 1620 καί
1278 1562 1332 1619 τοῦ

248 1633 371 1721 Θροὶιιας
386 1635 463 1704 είναι
476 1633 544 1716 τοὺς
558 1637 689 1716 Μυσοὺς
702 1637 865 1727 μαρτύριον
877 1643 954 1722 θείη.
999 1649 1098 1722 Mysos
1123 1648 1241 1706 eosdem
1256 1663 1330 1718 esse,

246 1732 294 1803 qui
313 1749 330 1788 a
347 1732 482 1790 Romanis
496 1732 587 1790 Moesi
600 1733 738 1806 dicuntur,
753 1735 845 1808 ipsum
860 1749 963 1790 nomen
979 1733 1085 1792 indicio
1099 1741 1158 1803 est;
1185 1735 1219 1791 el.
1235 1735 1331 1790 Forbi-

246 1833 307 1889 ger.
321 1817 425 1891 Geogr.
438 1820 524 1891 antiq.
539 1819 603 1877 Vol.
621 1821 654 1881 ΙΙ.
671 1837 699 1891 p.
708 1825 769 1880 123.
784 1825 842 1876 not.
853 1825 897 1881 89.
914 1820 978 1880 Vol.
994 1819 1038 1879 ΙΙΙ,
1053 1839 1082 1893 p.
1093 1825 1222 1882 1096-
1235 1819 1329 1892 Vulgo

246 1901 442 1976 Fragmentum
457 1907 495 1961 ita
508 1904 615 1962 editur:
637 1905 747 1962 Getae
760 1913 842 1962 snnt
854 1905 947 1981 Mysii,
960 1921 1028 1980 quoa
1043 1914 1107 1977 ete,
1125 1905 1218 1965 Servii
1234 1907 1328 1962 verbis

246 1989 317 2044 talso
333 1987 468 2047 Sallustio
493 1989 639 2062 ascriptis,
666 2007 750 2063 quem
773 2001 898 2048 errorem
919 1991 1004 2048 solus
1025 1993 1195 2050 Bebrossius
1220 1992 1327 2047 vitavit.

246 2073 318 2129 Num
333 2075 412 2131 loeus
429 2076 465 2131 da
480 2075 571 2148 Mysis
586 2078 614 2132 in
629 2083 728 2148 quarto
752 2078 823 2134 libro
839 2077 928 2134 leetus
944 2077 1043 2147 luerit,
1066 2079 1185 2134 tortasse
1208 2075 1328 2132 dubitari

242 2163 345 2230 potest,
361 2175 446 2231 quum
461 2161 593 2218 Lueullue
608 2163 664 2216 iarn
675 2179 749 2218 anno
764 2165 806 2221 78.
822 2179 847 2219 a.
865 2162 928 2219 Chr.
948 2177 974 2224 n.
991 2163 1020 2217 in
1031 2163 1206 2235 provinciam
1221 2163 1327 2218 abierit.

246 2243 305 2302 Sed
323 2245 458 2316 quoniam
478 2252 700 2304 consentaneum
721 2253 764 2304 est
783 2247 859 2302 iliam
879 2249 976 2304 eontra
998 2247 1096 2320 Mysos
1119 2247 1326 2319 expeditionem

246 2345 302 2384 non
326 2331 417 2404 primo
434 2333 653 2403 proconsulatus
678 2347 766 2406 anno,
793 2333 913 2389 sedvel
936 2333 1063 2390 seeundo
1085 2335 1132 2390 vel
1154 2331 1226 2388 adeo
1247 2333 1327 2388 tertio

214 2427 216 2431 ⁴
246 2431 311 2471 esse
328 2422 499 2490 susceptam,
514 2435 569 2489 quo
589 2435 663 2478 anuo
679 2420 782 2475 bellurn
805 2419 910 2478 servile
925 2419 1033 2476 linitum
1047 2425 1099 2492 est,
1122 2419 1267 2491 probabile
1286 2419 1327 2476 vt·

173 2509 177 2519 “
246 2497 326 2557 detur
342 2499 505 2560 Sallustium
521 2503 556 2560 de
573 2505 621 2560 illa
638 2521 669 2560 re
684 2521 740 2562 non
756 2506 834 2577 prius
846 2521 929 2578 quarn
943 2506 979 2561 de
990 2505 1045 2570 hoc
1062 2505 1239 2578 exposuisse,
1255 2521 1327 2577 quae

244 2587 408 2646 aonieotnra
421 2589 500 2646 haud
514 2605 613 2662 parum
628 2605 662 2646 eo
675 2591 864 2665 confirmatur,
880 2591 957 2664 qnod
971 2591 1068 2650 livius
1084 2607 1194 2665 quoque
1210 2589 1326 2647 easdem

245 2687 291 2730 res
307 2675 377 2730 libro
394 2673 502 2731 XCVII.
519 2677 683 2749 complexus
698 2683 749 2734 est.

329 2761 374 2815 Fr.
386 2764 430 2820 47.
464 2762 560 2830 [Deest
574 2761 650 2834 apud
666 2761 738 2818 Cort.
753 2795 794 2804 -
812 2763 887 2818 Gari.
899 2761 944 2818 ed.
963 2765 1028 2820 mai.
1045 2763 1102 2820 lne.
1118 2765 1177 2823 186.
1192 2759 1241 2826 ad·
1258 2761 1326 2819 min·

244 2847 301 2902 Ine.
322 2850 364 2904 68.
380 2861 410 2918 p.
424 2851 486 2915 239,
502 2851 527 2904 1.
547 2846 629 2902 Deba.
645 2847 690 2917 ill,
704 2853 765 2906 160.
781 2849 816 2916 V,
834 2847 891 2915 21]
924 2849 1038 2904 'Probus
1054 2849 1142 2906 Instit.
1157 2847 1277 2904 Gramm.
1294 2848 1326 2918 ll,

247 2936 271 2999 t,
287 2934 331 2988 98.
355 2947 382 3001 p.
399 2922 461 2989 110.
475 2930 602 2987 Lindem.
620 2933 663 3003 (p.
679 2936 755 2990 1460.
774 2930 902 3000 Putseh.)
928 2931 994 2990 Vizo
1008 2933 1091 2989 tradit
1105 2933 1243 2989 barbarae
1257 2934 1325 2988 eivi-

246 3015 308 3071 tatis
324 3023 428 3070 noman
443 3032 508 3073 esse
521 3015 597 3088 apud
612 3015 785 3074 Sallustium.
823 3017 886 3073 Non
901 3023 1100 3088 potestantem
1115 3017 1245 3087 dubitari,
1259 3019 1325 3089 quin

246 3099 457 3174 intelligendum
476 3103 511 3158 sit
524 3100 661 3158 Thraciae
683 3102 829 3176 oppidum,
852 3099 928 3173 quod
943 3104 978 3157 ab
993 3104 1056 3159 aliis
1072 3104 1177 3160 Bizone
1192 3107 1324 3172 vocatur,

251 3187 317 3243 Viso
334 3185 409 3242 enim
423 3188 493 3244 alias
510 3205 566 3244 non
580 3192 688 3258 exstat3
711 3205 803 3260 neque
823 3186 969 3244 offendere
989 3188 1071 3245 debet
1084 3189 1111 3242 V
1125 3189 1216 3244 littera
1230 3204 1281 3259 pro
1302 3189 1324 3242 B

244 3273 346 3344 posita,
362 3289 435 3344 quae
455 3273 533 3330 haud
546 3289 610 3330 raro
626 3279 818 3346 permutantur
833 3276 876 3343 (v.
888 3272 925 3329 ad
940 3271 985 3330 Fr.
1001 3273 1047 3345 Ill,
1059 3275 1102 3342 ΙΙ,
1116 3279 1143 3332 2.
1166 3273 1230 3329 eoil.
1248 3271 1275 3329 C.
1293 3273 1323 3328 L.

246 3357 413 3415 Schneideri
438 3359 561 3415 Gramm.
587 3362 632 3415 lat.
656 3359 756 3431 Voti,
785 3366 810 3418 Ι.
836 3377 864 3431 p.
882 3362 1036 3432 2268qu
1058 3359 1176 3432 ipsaque
1203 3359 1324 3414 nominis

245 3446 334 3499 torma
347 3447 453 3500 mutata
467 3443 535 3524 nihil
546 3445 637 3516 habet,
653 3445 729 3517 quod
745 3445 898 3502 sententiae
910 3449 1023 3502 nostrae
1038 3447 1137 3514 obstat,
1149 3461 1233 3518 quum
1244 3445 1323 3498 varie

244 3530 391 3586 terminata
409 3531 517 3586 urbium
532 3547 566 3585 aa
582 3531 708 3588 iocorum
728 3531 840 3588 nomina
861 3531 1088 3604 frequentissima
1105 3531 1168 3599 sint,
1191 3546 1223 3586 ae
1238 3529 1322 3585 huius

244 3616 334 3686 ipsius
345 3616 422 3671 urbis
438 3617 664 3671 tertiumnonren
681 3608 765 3686 Βίζος
776 3623 905 3674 onourrat
919 3615 994 3688 apud
1007 3617 1119 3672 Arriam
1135 3613 1226 3688 Perip.
1241 3621 1321 3688 [118.
1416 3657 1420 3660 -

244 3701 283 3755 De
299 3699 402 3755 Bizone
419 3703 480 3757 sive
495 3701 603 3757 Vizone
620 3703 657 3758 ei.
674 3701 748 3758 Mela
764 3703 797 3772 ll,
812 3707 838 3772 2,
852 3705 879 3761 5.
918 3701 954 3758 In
969 3701 1089 3759 literatius
1104 3692 1179 3759 Istro
1186 3703 1322 3773 proxima

243 3791 285 3842 est
298 3785 458 3858 Ισίσορολιζις
477 3787 603 3843 deinden
618 3783 732 3843 Milesiis
745 3787 860 3844 deducto
878 3787 995 3851 aaran·
1014 3793 1070 3845 tnm
1090 3787 1200 3855 Tomoe,
1216 3793 1242 3842 et
1249 3803 1321 3858 por·

244 3878 286 3928 tus
306 3872 404 3939 Corin,
430 3877 457 3928 et
473 3872 579 3928 Tiristis
592 3873 826 3948 promontorium,
842 3873 916 3946 meod
928 3877 1134 3946 praetervectos
1153 3873 1223 3929 atter
1242 3869 1325 3927 Ponti

242 3959 361 4031 nnputua
374 3959 484 4030 acepit.
499 3985 541 3998 --
558 3957 627 4014 Fui
632 3963 643 4014 t
655 3957 690 4014 ti
695 3973 711 4014 c
723 3960 859 4015 Bizone
864 3981 873 4022 ;
890 3963 961 4015 nwtu
975 3963 1068 4015 terroe
1082 3957 1226 4015 intercidit.
1251 3957 1321 4012 Plin.

242 4043 277 4098 Ν.
293 4044 327 4098 Η.
342 4043 390 4110 ΙΙΙ,
408 4047 450 4102 18.
498 4043 619 4099 Thracia
634 4043 841 4116 pulcherrimas
859 4046 888 4099 in
903 4061 937 4100 en
945 4051 1031 4116 parte
1045 4043 1127 4100 nrbes
1141 4043 1223 4100 itabet
1236 4039 1322 4098 Istro-

238 4129 316 4200 pob'n
327 4125 506 4198 Milesiorum,
524 4128 629 4196 Tomos,
648 4130 814 4202 Caiatinqne.
829 4127 997 4186 Heracleam
1011 4129 1105 4186 babuit
1113 4134 1140 4185 et
1153 4129 1319 4193 Bizonen,

242 4214 426 4271 ίιηαοίιλσλιι
440 4216 562 4290 ruptam.
607 4213 698 4271 Strab
714 4215 775 4270 Vll.
789 4234 819 4287 p.
834 4219 894 4276 491.
911 4214 1060 4270 ammei.
1093 4201 1201 4272 Ἐνσῶ
1216 4229 1287 4288 μετα
1303 4199 1335 4268 ri·

244 4288 417 4376 διαστήματι
439 4297 481 4379 τῷ
502 4283 564 4356 ἀπὸ,
582 4287 747 4369 minitas
771 4296 812 4370 είς
827 4286 1029 4358 Ἀπολλωνίαν
1052 4290 1168 4378 Bainun
1181 4272 1266 4368 λστλν,
1286 4210 1322 4374 λς
