3102 4956
451 355 701 414 ursromsauu
722 353 958 414 FRAGMENTA.
995 353 1066 440 uria.
1090 353 1136 410 ru.
1283 341 1345 410 227

258 546 300 618 tis
322 549 420 616 antea
447 546 631 621 nominibus
661 544 835 638 appellata.
878 544 954 638 lpsa
985 541 1070 614 enim
1101 541 1152 610 cst
1184 541 1217 608 el
1243 535 1347 606 maior

258 670 416 764 Phrygia.

261 878 374 934 lustiani
389 883 469 950 parte
492 876 627 944 afferunt,
650 891 705 930 non
723 875 861 929 Historias
879 873 1036 938 nominent,
1060 870 1111 928 sed
1127 874 1277 928 verborum
1300 886 1348 924 au-

262 971 366 1020 ctorem
381 961 544 1022 Sallustium
562 961 595 1016 de
610 963 662 1015 sito
676 957 790 1015 Pontico
809 957 962 1028 (Porphyr.
979 955 1016 1011 ad
1031 953 1098 1010 lior.
1116 955 1169 1011 Od.
1186 957 1206 1025 l,
1222 961 1265 1023 17,
1280 957 1347 1022 18.),

262 1050 309 1104 vel
323 1051 352 1104 in
368 1050 421 1104 sr'tu
433 1047 516 1102 Ponti
534 1047 620 1113 (Non.
635 1044 693 1114 Xll,
710 1049 754 1104 18.
770 1062 798 1115 p.
815 1048 876 1109 511,
890 1045 947 1109 10.)
964 1040 1094 1109 laudent,
1117 1056 1171 1110 qua
1186 1057 1216 1095 rc
1230 1042 1348 1097 Werns-

264 1133 370 1190 dontius
393 1133 431 1190 ad
443 1120 527 1188 'Post
545 1131 605 1186 Lat.
622 1130 689 1186 min.
705 1131 770 1184 Vol.
786 1131 821 1195 V,
837 1134 866 1186 2·
886 1145 915 1197 p·
931 1129 993 1186 1161.
1016 1139 1072 1184 non
1095 1124 1215 1181 debebat
1235 1127 1263 1181 in
1285 1141 1348 1182 eam

169 1245 170 1250 ¹
264 1207 426 1289 opinionem
442 1217 553 1285 induci,
578 1221 604 1272 ut
619 1215 755 1286 peculiari
772 1213 934 1270 Sallustium
952 1212 1022 1268 libro
1036 1210 1072 1266 de
1088 1211 1143 1264 situ
1158 1212 1238 1266 Ponti
1252 1215 1349 1284 egisse

265 1303 465 1374 suspicaretur.
495 1301 584 1369 Quem
600 1306 692 1356 autern
707 1299 800 1354 locum
815 1298 888 1354 haec
902 1295 937 1350 dc
951 1297 1039 1350 Ponto
1055 1294 1205 1366 disputatio
1219 1297 1248 1350 in
1259 1295 1350 1354 Histo-

239 1431 242 1437 .
265 1389 315 1443 riis
335 1387 501 1454 obtinuerit,
521 1402 606 1457 quum
623 1385 659 1440 de
674 1383 777 1439 nullius
792 1382 953 1453 Fragmenti
972 1380 1042 1436 libro
1059 1382 1185 1448 constet,
1207 1383 1350 1438 notatione

266 1473 328 1528 cius
344 1472 386 1526 rei
404 1487 421 1528 a
436 1471 626 1543 grammaticis
648 1471 793 1541 neglecta,
816 1468 979 1524 coniectura
994 1469 1100 1521 tantum
1121 1465 1231 1521 definiri
1247 1473 1349 1538 potest.

267 1559 309 1614 Ac
325 1557 490 1612 Gerlachius
508 1555 621 1628 quidem
636 1555 700 1617 Vol.
715 1554 760 1608 lll.
777 1569 804 1624 p.
822 1557 881 1611 tna.
905 1557 932 1606 et
955 1559 1013 1611 los.
1029 1553 1109 1608 Ponti
1133 1556 1351 1628 descriptionem

268 1643 351 1698 totius
368 1643 434 1699 belli
451 1641 604 1698 narrationi
619 1646 717 1696 censet
732 1637 917 1710 praemissam
934 1637 1031 1706 luisse,
1046 1637 1084 1692 ita
1099 1633 1137 1710 ut,
1154 1655 1238 1712 quum
1256 1647 1352 1696 auctor

269 1727 304 1784 dc
319 1726 488 1785 Mithridatis
506 1727 633 1799 origine,
656 1741 689 1782 ac
708 1724 843 1795 deinceps
859 1723 894 1778 de
916 1725 976 1780 eius
991 1729 1081 1800 copiis
1101 1736 1128 1785 et
1143 1739 1280 1804 apparatu
1294 1735 1352 1789 bel·

268 1814 322 1870 lico
345 1813 479 1882 dixisset,
509 1815 674 1885 priusquam
697 1810 734 1866 ad
754 1827 801 1866 res
824 1811 902 1881 ipsas
925 1811 990 1866 belli
1011 1815 1176 1886 accederet,
1204 1819 1352 1890 regiormm

268 1899 347 1954 Ponti
369 1899 452 1957 situm
476 1905 558 1970 atquc
581 1897 671 1970 ipsius
692 1897 778 1952 maris
801 1897 908 1952 Pontici
929 1901 1057 1954 naturam
1077 1903 1239 1972 explicaret.
1270 1903 1353 1972 Quod

268 1999 437 2056 quamquam
452 1986 508 2042 tale
523 1990 578 2053 est,-
601 1989 631 2038 ut
645 1983 772 2054 potuisse
788 1981 849 2036 lieri
866 1981 1080 2039 eoncedendum
1097 1987 1147 2055 sit,
1167 1993 1243 2042 recte
1260 1994 1351 2045 tamen

269 2069 371 2126 lactum
394 2085 459 2127 esse
482 2069 600 2124 concedi
620 2068 730 2139 nequit,
754 2083 839 2137 quum
862 2081 897 2121 ea
918 2067 989 2122 ratio
1010 2085 1102 2140 neque
1119 2089 1183 2126 cum
1204 2079 1353 2129 consuetu·

270 2153 337 2210 dine
353 2152 492 2222 Sallustii,
516 2171 608 2225 neque
625 2169 688 2208 cum
702 2151 838 2209 historica
860 2150 920 2206 cius
941 2158 999 2206 arte
1014 2155 1159 2211 conciliari
1175 2159 1274 2227 possit.
1307 2158 1353 2214 Ni-

270 2239 371 2294 mirum
390 2240 435 2294 ille
452 2253 509 2294 non
531 2237 686 2295 secundum
711 2237 806 2292 ieiuna
829 2235 1087 2308 ludimagistrorum
1107 2247 1260 2312 praecepta
1281 2259 1354 2313 opus

271 2341 353 2380 suum
368 2325 533 2394 composuit,
557 2324 609 2380 sed
626 2326 822 2394 argumentum
836 2321 874 2376 ita
888 2324 1031 2392 tractavit,
1054 2325 1127 2380 utin
1143 2343 1177 2381 eo
1194 2325 1354 2381 ordinando

271 2410 428 2468 naturalem
442 2425 537 2468 rerum
553 2409 681 2465 ordinem
699 2411 877 2478 sequeretur,
901 2423 1020 2480 eumque
1037 2409 1273 2482 digressionibus,
1296 2413 1355 2483 qui-

271 2496 323 2550 bus
339 2495 456 2550 libenter
478 2501 505 2550 et
523 2511 657 2567 perquam
674 2493 763 2564 perite
779 2492 877 2560 utitur,
901 2508 957 2546 non
978 2494 1208 2569 interrumperet,
1232 2497 1287 2553 nisi
1309 2498 1353 2552 ubl

274 2595 319 2636 res
336 2580 398 2651 ipsa
413 2580 443 2638 id
459 2583 504 2638 vel
519 2579 660 2654 flagitaret
675 2579 721 2634 vel
738 2577 956 2634 commendaret
994 2581 1077 2648 Quod
1092 2583 1115 2638 si
1133 2583 1271 2652 tenueris,
1292 2599 1355 2654 pro,

273 2665 345 2722 lecto
368 2666 474 2722 senties
497 2681 587 2738 neque
609 2667 726 2721 ineunte
747 2665 821 2718 bello
836 2664 1041 2734 Mithridatico,
1065 2683 1156 2740 neque
1174 2667 1272 2740 primis
1293 2667 1356 2722 eius

274 2750 370 2818 an'nis,
394 2751 495 2820 quibus
511 2753 586 2807 eirca
601 2747 800 2820 Propontidem
816 2753 923 2805 tantum
940 2757 968 2805 ct
983 2751 1011 2804 in
1029 2751 1145 2824 Aegaeo
1162 2753 1234 2808 mari
1248 2768 1357 2824 pugna-

274 2839 331 2888 tum
352 2839 412 2904 est,
437 2835 539 2891 iustam
561 2849 692 2890 caussam
714 2834 817 2900 luisse,
840 2851 889 2888 cur
905 2833 1055 2892 Sallustius
1076 2855 1169 2893 rerum
1195 2835 1293 2893 ordine
1314 2854 1358 2892 re-

274 2918 339 2973 licto
362 2915 399 2976 ad
414 2919 494 2972 Ponti
515 2919 732 2989 descriptionem
755 2917 876 2972 animum
899 2920 1062 2989 appelleret.
1101 2921 1159 2978 Sed
1179 2927 1206 2978 ut
1226 2923 1305 2992 prius
1328 2922 1358 2976 id

277 3003 369 3056 lacere
392 3019 449 3058 non
471 3005 538 3059 satis
560 3001 709 3058 commode
729 3002 831 3072 poluit,
862 3001 899 3056 ita
917 3008 1185 3076 opportunissimam
1209 3005 1244 3060 de
1270 3007 1357 3062 Ponto

277 3086 639 3157 explicandioccasioncm
654 3086 752 3143 habuit
772 3091 844 3153 tum,
868 3103 952 3158 quum
968 3091 1116 3160 Lucullus,
1138 3089 1299 3147 Mithridate
1323 3107 1357 3144 err

277 3171 346 3227 Asia
366 3175 465 3244 pulso,
487 3175 590 3230 bellum
604 3175 632 3229 in
648 3175 739 3246 ipsum
755 3173 900 3230 Ponticum
917 3191 1035 3247 regnum
1050 3177 1227 3245 transferret,
1249 3190 1357 3246 regem·

278 3273 332 3326 que
353 3249 418 3314 inde
434 3260 462 3316 in
483 3261 617 3316 interiora
634 3274 667 3316 ac
682 3260 833 3316 remotiora
848 3255 911 3314 loca
927 3262 1113 3334 refugientem
1130 3275 1239 3318 summa
1252 3260 1281 3314 vi
1296 3275 1359 3330 per-

278 3350 452 3414 sequeretur.
483 3345 575 3414 Quare
591 3336 659 3402 satis
676 3345 849 3417 probabilem
865 3345 957 3401 locum
968 3347 1143 3420 Fragmentis
1161 3347 1215 3402 huc
1232 3351 1360 3418 spectan-

278 3427 350 3484 tibus
362 3431 527 3502 assignasse
538 3436 680 3502 putamus.
706 3429 736 3487 Si
753 3431 799 3502 qui
814 3446 883 3486 vero
900 3432 962 3501 sint,
978 3433 1025 3504 qui
1039 3431 1180 3489 Gerlachii
1194 3430 1360 3487 sententiam

278 3513 453 3584 praeierant,
476 3517 659 3588 iircputent,
684 3517 708 3572 si
731 3531 819 3571 verae
841 3511 937 3572 essent
956 3519 1017 3574 elus
1035 3519 1172 3586 rationes,
1196 3515 1360 3592 Sallustium

279 3603 354 3653 certe
383 3616 439 3655 non
457 3602 552 3668 tertio,
584 3601 636 3657 sed
652 3602 707 3656 iam
726 3601 848 3657 secundo
861 3603 930 3658 libro
954 3602 990 3658 de
1005 3604 1091 3659 Ponto
1114 3619 1198 3676 agere
1219 3601 1362 3670 debuisse,

279 3685 383 3755 quippe
405 3701 460 3756 quo
482 3687 561 3741 inilia
580 3687 645 3742 belli
664 3685 844 3742 Mithridatici
867 3689 1077 3758 contineantur;
1099 3708 1127 3746 v.
1143 3691 1238 3746 annot.
1261 3685 1300 3741 ad
1315 3685 1361 3740 Fr.

279 3767 311 3834 H,
328 3774 372 3828 53·
399 3793 400 3798 ’

365 3856 528 3916 Sallustium
542 3855 627 3911 huius
642 3857 801 3928 Fragmenti
821 3862 915 3916 verbis
931 3862 1023 3932 ipsam
1040 3863 1120 3917 Ponti
1144 3861 1361 3935 descriptionem

280 3959 413 3999 exorsum
430 3957 496 3998 esse
519 3957 603 4013 quum
618 3942 770 4013 perpioitur
788 3959 823 3998 err
845 3943 905 4013 his,
926 3949 1049 4017 primo
1064 3947 1149 4002 Asiae
1163 3947 1296 4022 Bithynia
1314 3955 1362 4020 est,

280 4033 336 4082 tum
352 4028 473 4084 maxime
487 4029 603 4098 planum
618 4025 649 4081 fit
659 4044 694 4082 ex
705 4029 841 4098 particula
853 4031 944 4101 igitur,
960 4032 1040 4088 cuius
1052 4047 1087 4086 ea
1098 4033 1143 4087 vis
1155 4039 1206 4102 est,
1223 4040 1261 4104 ut,
1278 4052 1362 4107 quum

281 4119 377 4171 auctor
394 4113 423 4168 in
434 4110 669 4168 'antecedentibus
685 4113 883 4184 significasset,
905 4117 1012 4172 omissa
1033 4133 1184 4189 parumper
1205 4135 1298 4174 rerum
1313 4136 1362 4192 ge-

282 4203 386 4254 starum
405 4199 563 4254 narratione
580 4196 615 4252 dc
631 4199 717 4253 Ponto
735 4215 766 4254 se
782 4198 1007 4271 esse'dicturum,
1023 4202 1112 4257 oratio
1131 4202 1167 4258 ad
1184 4204 1275 4274 ipsum
1299 4220 1362 4274 pro·

281 4282 403 4351 positum
419 4281 572 4356 (litigatum
599 4281 635 4340 cl.
655 4282 692 4340 ad
714 4283 776 4356 lug.
791 4299 816 4344 c.
831 4282 904 4357 xut,
919 4287 944 4346 t.
965 4301 993 4358 p.
1007 4290 1065 4346 124.
1088 4285 1179 4429 ῗὲιζᾱ
1195 4285 1230 4344 de
1244 4288 1361 4343 Partica.
