3102 4956
203 345 267 416 246
445 362 461 367 ··
503 397 506 402 .
558 345 588 403 o.
612 342 784 406 sativam
807 343 922 404 catari
964 359 971 362 ·

204 537 425 614 necessariam
451 534 540 606 haud
559 510 670 604 multo
684 554 782 604 secus
808 555 904 626 quarn
933 534 1022 606 ferro
1048 533 1288 627 noceripote·

203 769 342 826 omnibus.
386 767 418 821 ln
433 768 509 820 textu
518 764 680 836 Fragmenti
698 761 857 820 exhibendo
874 763 1037 818 lacunarum
1053 763 1154 835 spatie,
1177 779 1212 816 ne
1229 765 1286 818 ele-

202 855 315 928 gantiae
326 849 551 925 typographicae
564 849 751 919 oificeremus,
763 865 819 903 non
832 848 916 920 plene
932 847 1120 904 indicavimus
1129 864 1137 917 ;
1153 865 1224 919 quae
1241 849 1288 920 qui
1347 923 1350 926 -

203 952 378 1011 cognoscere
393 936 499 1007 volent,
514 934 575 988 cius
590 935 630 989 rei
642 935 753 1006 copiam
762 933 905 989 habebunt
917 949 954 989 ex
968 934 1063 989 tabula
1074 933 1288 1005 lithographica,

204 1027 232 1080 in
258 1024 336 1080 calce
349 1021 434 1077 huius
451 1018 581 1078 editionis
601 1017 720 1086 adiecta,
739 1019 838 1089 inqua
855 1019 1015 1090 exemplum
1032 1017 1139 1074 codicis
1159 1018 1289 1074 Vaticani

204 1107 415 1166 accuratissime
431 1103 649 1160 describendum
665 1104 838 1160 curavimus.
1154 1172 1156 1176 Ι

287 1191 455 1246 Particuiam
467 1189 602 1244 historiae
615 1189 680 1244 belli
693 1188 1006 1259 SpartaciiFragmento
1020 1181 1156 1242 contineri
1168 1203 1215 1242 res
1226 1188 1289 1259 ipsa

204 1278 334 1349 loquitur.
378 1272 425 1330 Ad
440 1275 549 1330 tertiam
565 1279 657 1330 autem
680 1275 780 1342 librum
798 1289 861 1328 earn
882 1273 1025 1345 pertinere
1043 1278 1076 1327 -ut
1097 1289 1153 1327 non
1174 1271 1289 1328 difficile

204 1370 247 1420 est
261 1360 373 1428 videre,
396 1359 458 1416 aliis
475 1371 587 1431 quoque
607 1358 736 1414 eiusdem
752 1358 910 1430 argumenti
926 1358 1105 1429 Fragmentis
1119 1374 1166 1418 ex
1187 1357 1289 1416 eodem
1363 1361 1366 1366 “
1384 1363 1386 1367 ’

203 1449 273 1504 libro
291 1445 422 1513 servatis,
438 1445 476 1499 ita
491 1444 652 1500 testimonio
668 1443 755 1498 Nonii
771 1441 966 1510 confirmatur,
991 1444 1039 1513 qui
1061 1442 1109 1510 v1,
1123 1446 1168 1500 te.
1182 1459 1213 1512 p.·
1225 1446 1287 1510 456,

203 1539 247 1592 15.
265 1533 353 1586 Merc.
368 1531 456 1586 verba
471 1534 496 1596 s.
516 1535 560 1588 15.
580 1529 622 1586 Ac
636 1531 727 1584 statua
739 1526 848 1600 fauitivi
861 1533 915 1582 etc.
931 1544 967 1583 cx
982 1529 1031 1590 lib.
1045 1528 1090 1584 ΙΙΙ.
1106 1527 1211 1584 Histor.
1228 1528 1288 1584 lau-

204 1618 261 1674 dnt.
304 1614 345 1669 De
363 1615 453 1686 primo
469 1619 561 1688 autem
576 1614 651 1670 illius
666 1613 731 1669 belii
746 1619 871 1684 tempore
887 1611 941 1668 hoc
958 1613 1127 1684 Fragmento
1144 1613 1191 1683 agi
1203 1629 1239 1666 ex
1254 1629 1288 1668 eo

202 1707 288 1774 patet,
311 1698 387 1770 quod
402 1698 551 1765 Vannius,
573 1699 746 1769 statimpost
763 1695 891 1752 Clodium
912 1702 1010 1752 contra
1031 1697 1166 1769 fugitivos
1184 1698 1289 1752 missus

203 1790 247 1855 (v.
258 1782 398 1842 Plutarch.
421 1783 450 1836 in
474 1779 569 1838 Crass.
587 1799 614 1837 c.
635 1786 661 1850 9,
685 1781 791 1853 med.)‚
813 1782 980 1854 Spartacum
1004 1781 1135 1839 obsidere
1151 1788 1288 1848 narratur,

203 1878 261 1927 turn
278 1866 354 1940 quod
362 1866 473 1934 Crixus,
489 1867 631 1936 aliquanto
646 1872 711 1938 post
726 1883 743 1922 a
758 1866 847 1922 Gellio
862 1882 976 1934 caesus,
991 1865 1037 1922 hic
1056 1866 1149 1922 adhuc
1165 1867 1194 1920 iu
1205 1866 1289 1938 Spar-

204 1956 258 2010 taci
274 1953 374 2009 castris
394 1958 446 2024 est,
463 1951 585 2022 denique
602 1951 679 2023 quod
694 1951 804 2023 fugitivi
822 1951 914 2023 adhuc
931 1952 959 2024 in
975 1949 1128 2023 Campania
1148 1957 1288 2006 morantes

202 2055 254 2113 per
269 2038 337 2111 iuga
355 2037 500 2093 Picentina
514 2037 543 2092 in
557 2037 709 2092 Lucaniam
730 2038 896 2108 prorupisse
911 2035 1067 2106 traduntur,
1083 2053 1168 2108 quam
1186 2034 1288 2092 deinde

203 2125 309 2180 diutius
331 2124 474 2178 vexabant
493 2137 526 2176 ac
546 2121 801 2194 depraedabantur.
832 2122 895 2193 ,His
918 2121 963 2182 de.
977 2123 1088 2177 caussis
1110 2124 1204 2177 locum
1224 2121 1289 2176 huic

202 2211 371 2282 Fragmenta
387 2225 404 2263 a
420 2206 501 2262 nobis
516 2207 692 2279 assignatum
714 2207 829 2280 minime¹
847 2207 962 2280 dubium
980 2212 1123 2277 putamus.
1353 2259 1355 2262 .

197 2291 217 2296 ”
283 2298 315 2360 §-
330 2300 357 2352 1·.
380 2294 567 2364 contionata,
585 2291 695 2364 quibam)
725 2293 858 2346 'Portenta
881 2292 1036 2362 scripturae
1057 2293 1181 2363 priorum
1203 2292 1291 2348 edito·
1374 2329 1377 2333 -

203 2397 280 2448 rum,
306 2377 431 2434 Bimardi
453 2375 491 2431 Ni
512 2375 669 2432 IORRERE
694 2374 982 2445 QU1T;——Dousac
1002 2393 1029 2431 m
1046 2393 1084 2441 ,or
1102 2377 1218 2448 Trequij
1225 2400 1234 2440 ,·
1249 2407 1289 2416 -—

127 2525 131 2532 ,
204 2463 327 2520 Putschii
343 2479 370 2515 m
385 2479 418 2518 cr
433 2461 545 2531 trequ2‘i3
566 2489 611 2502 -
633 2459 774 2516 Gerlachii
793 2453 838 2516 ed.
860 2461 1002 2516 maiman
1023 2461 1143 2534 Trequii,
1160 2462 1290 2518 concide-

202 2553 266 2604 runt
280 2546 395 2620 cognita
410 2541 529 2600 lectione
545 2544 653 2600 codicis
667 2547 731 2600 Vat.
746 2543 940 2600 NITOR·ERE
955 2546 1048 2614 QUlB.
1076 2546 1145 2602 Inde
1159 2547 1290 2620 Kreyssi-

203 2634 267 2706 gius
285 2631 406 2686 coniecit
427 2631 501 2684 udor
515 2644 591 2699 acre,
606 2629 711 2703 quibua,
732 2629 787 2685 hoc
809 2629 997 2702 significatum
1013 2632 1100 2687 tuisse
1115 2636 1227 2703 putans,
1250 2635 1291 2688 fu·

203 2717 307 2790 gitivos
322 2715 412 2770 hastis
428 2715 486 2770 suis
503 2710 536 2769 in'
547 2715 613 2769 terri
628 2715 725 2786 inopia
739 2717 855 2770 nitorem
874 2730 941 2770 acre
956 2715 1115 2772 addidisse.
1138 2715 1196 2773 Sed
1210 2718 1249 2788 id,
1265 2719 1290 2774 si

203 2800 401 2858 condicionem
420 2816 567 2856 servorum
587 2805 716 2873 spectas,
739 2799 824 2856 valde
844 2806 903 2854 erat
923 2801 1038 2870 inutile;
1062 2818 1154 2873 neque
1175 2803 1291 2860 residua

203 2887 342 2959 particula
364 2886 455 2940 lineae
471 2884 595 2940 directae
614 2885 721 2942 interR
737 2892 764 2940 et
778 2886 801 2941 E
815 2891 908 2958 potest
921 2903 974 2958 pro
997 2887 1118 2960 vestigio
1138 2887 1164 2944 Α
1179 2888 1288 2944 litterae

203 2971 310 3028 haberi.
339 2969 432 3038 Quare
447 2971 554 3025 omissa
573 2977 600 3025 et
614 2972 678 3039 hac,
696 2977 722 3027 ct
737 2976 833 3026 nostra
847 2972 1019 3041 coniectura,
1032 2973 1097 3028 olim
1113 2973 1141 3028 in
1156 2971 1290 3048 Seebodii

204 3057 276 3112 Bibl.
295 3056 355 3130 crit.
371 3070 398 3109 a.
416 3057 494 3113 1830.
511 3054 577 3109 Vol.
594 3057 628 3112 ll.
643 3075 671 3128 p.
686 3061 747 3116 503.
761 3057 910 3128 proposita
925 3057 1059 3129 parebunt
1076 3060 1137 3130 pito
1155 3074 1290 3129 praemac-

203 3144 279 3198 nita
294 3155 393 3208 accc,
413 3139 510 3211 quiae
526 3143 595 3206 ete,
617 3144 699 3196 unice
717 3157 817 3196 verum
831 3147 962 3212 putamus
976 3144 1034 3213 iuni
1047 3147 1169 3213 terrere,
1183 3146 1290 3217 quidus,

204 3244 259 3301 quo
278 3226 354 3282 ducit
376 3221 574 3290 tumBimardi
592 3225 690 3291 lectio,
713 3230 769 3280 tum
784 3226 877 3296 ipsum
892 3225 957 3281 cod.
972 3227 1037 3283 Vat.
1055 3229 1216 3301 vestigium.
1260 3231 1291 3286 ln

203 3314 278 3369 idem
302 3310 440 3366 inciderat
454 3310 510 3365 iarn
531 3308 710 3375 Deorossius
726 3325 894 3380 quamquam
906 3314 1089 3369 sensum-loci
1105 3331 1161 3369 non
1177 3331 1292 3372 assecu-

202 3405 265 3464 tus;
282 3410 372 3466 neque
387 3410 418 3448 se
433 3393 654 3464 improbaturum
669 3393 757 3448 tuisse
773 3395 943 3466 significavit
956 3397 1141 3471 Kreyssigius
1156 3417 1185 3471 p.
1197 3405 1254 3470 31„
1267 3403 1291 3457 si

203 3479 289 3537 modo
305 3477 451 3534 commode
467 3476 602 3548 explicari
618 3481 645 3529 et
664 3493 728 3532 curn
743 3481 923 3549 sequentibus
943 3488 1006 3553 apte
1027 3485 1160 3557 coniungi
1178 3493 1290 3557 posset.

203 3569 273 3622 Puto
289 3579 386 3635 posse.
430 3562 463 3616 ln
486 3559 717 3617 antecedentibus
736 3564 810 3618 enim
824 3564 880 3622 hoc
895 3567 955 3622 iere
971 3574 1019 3624 aut
1034 3569 1124 3626 simile
1142 3570 1212 3640 quid
1223 3572 1289 3630 tuit:

205 3649 362 3722 Spartacus
376 3661 437 3715 eos,
462 3647 510 3716 qui
523 3646 594 3700 iusta
608 3663 690 3701 armo
705 3663 760 3704 non
775 3647 916 3722 haberent,
927 3654 1005 3708 iussit
1018 3655 1101 3709 sudes
1114 3657 1147 3723 (i.
1163 3669 1188 3711 e.
1204 3655 1291 3712 rudes

203 3735 303 3791 hastas
320 3730 355 3786 de
380 3729 464 3788 viridi
483 3731 584 3785 arbore
607 3733 714 3800 sectas)
735 3735 811 3806 tyni
831 3741 841 3790 t
849 3751 986 3792 errerc.
1032 3738 1114 3807 Quod
1134 3755 1170 3793 ne
1190 3756 1290 3810 parum

203 3820 288 3876 latine
306 3817 410 3872 dictum
425 3820 517 3886 putes,
533 3821 563 3870 ut
575 3815 742 3890 Kreyssigio
760 3820 861 3888 visum,
878 3822 978 3876 conser-
989 3822 1069 3895 Virg.
1081 3823 1156 3880 Aen.
1172 3824 1220 3893 IX,
1228 3828 1289 3883 743.

203 3903 256 3961 Ita
273 3903 394 3960 rudem
409 3899 486 3956 nudo
502 3905 529 3955 et
542 3903 677 3957 cortice
697 3904 806 3960 crudo
825 3903 971 3977 Iatorqact
986 3911 1099 3964 summas
1113 3901 1236 3966 udaiaus
1249 3910 1288 3964 cr‘·

202 3988 280 4044 ritae
295 3987 449 4049 daatum5
465 3983 594 4057 adquam
606 3987 699 4042 locum
715 3985 847 4045 Serviusr
866 3992 987 4059 „cortice
1003 3994 1098 4063 mado,
1118 3995 1215 4065 inquit,
1233 3995 1253 4049 i.
1263 4009 1290 4050 e.
1386 4049 1389 4052 .

203 4072 305 4141 viridi;
322 4088 387 4128 nam
402 4071 501 4126 hastae
515 4072 573 4143 tyni
584 4073 750 4144 plerumque
768 4074 938 4130 terrentur.“

285 4159 404 4230 speciem
417 4156 484 4212 betto
500 4159 701 4227 necessariam)
726 4157 879 4216 Bimardus
891 4159 978 4215 habet
998 4159 1018 4218 S
1031 4199 1040 4214 .
1052 4203 1059 4218 .
1071 4159 1156 4217 GIEM
1172 4163 1286 4220 BELLO

201 4240 444 4312 necessarum
459 4241 556 4300 Bousa
569 4244 668 4301 arciem
681 4242 748 4303 teta
761 4245 949 4306 neceesarium
956 4268 965 4308 ‚·
987 4245 1136 4303 Putschius
1150 4263 1165 4304 s
1179 4266 1196 4303 r
1216 4251 1286 4306 ciem
