3098 4970
231 401 294 466 100
593 405 623 463 G.
646 405 819 464 SALLUSTI
841 405 954 464 CRISPI

335 597 386 664 79.
427 591 481 663 Ad
509 589 686 691 Olympum
706 595 805 686 atquc
830 593 1015 684 Phaselida.

333 724 385 790 50.
426 717 491 788 Iter
517 717 617 788 vortit
642 718 685 788 ad
702 716 868 810 Corycum
888 720 1021 803 urbem,
1041 717 1196 788 inclutam
1216 739 1320 808 specu

231 847 331 937 atque
356 865 507 928 nemore,
534 842 566 911 in
595 865 662 935 quo
688 866 821 914 crocum
845 843 1004 937 gignitur.

232 1063 347 1162 appiroq
360 1062 420 1122 τῶν
431 1059 574 1122 πλείστων
589 1055 716 1140 ἐγένετο,
737 1063 865 1160 Κᾶρας
883 1053 1075 1138 ἐξελάσας,
1097 1053 1148 1119 καὶ
1161 1047 1229 1130 roric
1252 1055 1320 1118 ἔαυ-

232 1167 284 1207 του
270 1139 440 1218 παῖδας*
423 1139 569 1226 ηγεμόνας
584 1139 808 1245 ἐγκαταστήσας.
841 1140 888 1209 Τό
905 1167 942 1206 τε
957 1135 1156 1245 λῃστιαᾶα,
1179 1133 1219 1214 ὦς
1234 1135 1320 1218 εἰκὸς,

233 1224 400 1312 καθῄρει
422 1229 461 1291 ἐκ
480 1232 543 1308 τῆς
562 1223 776 1308 θαλάσσης,
796 1223 906 1308 ἐφόσον
920 1221 1060 1311 ἠδύνατο.
1096 1235 1137 1290 De
1152 1231 1268 1288 Caribus
1284 1235 1320 1287 cl

233 1319 366 1376 etiamC.
382 1320 414 1377 0.
430 1319 540 1375 Mulieri
559 1319 726 1390 Aeginetica
738 1337 768 1392 p.
783 1324 828 1379 88,

317 1403 363 1460 Fr.
387 1408 431 1463 79.
460 1399 547 1478 [Cori.
563 1421 592 1475 p.
607 1405 670 1482 955.
693 1403 767 1459 Gerl.
786 1403 834 1460 ed.
854 1405 918 1459 mai.
938 1405 958 1473 Ι,
981 1407 1025 1464 55.
1046 1402 1095 1460 cd.
1117 1399 1184 1457 rnin.
1204 1399 1261 1458 lnc.
1276 1399 1320 1462 79.

232 1507 260 1562 p·
278 1492 398 1558 13914.
414 1490 499 1545 Debr.
515 1489 548 1557 ΙΙ,
564 1489 622 1556 85]
652 1489 762 1557 Verba,
780 1505 852 1560 quae
870 1491 1000 1561 leguntur
1015 1486 1092 1560 apud
1106 1487 1241 1542 Priscian.
1258 1486 1320 1554 XV,

187 1641 190 1646 Ι
232 1581 259 1642 2,
280 1579 306 1634 9.
327 1591 355 1646 p.
374 1578 437 1634 518.
456 1575 522 1641 Kr.,
550 1578 646 1646 aperte
667 1578 794 1646 spectant
814 1575 851 1630 ad
871 1575 975 1630 bellurn
997 1573 1159 1652 piraticum,
1183 1588 1237 1644 quo
1258 1571 1321 1626 ittae

234 1662 319 1715 urbes
334 1676 352 1714 a
366 1659 488 1716 Servilio
504 1663 603 1730 captae
619 1662 694 1714 sunt.
716 1659 753 1712 ci.
770 1657 827 1715 Cic.
843 1661 871 1716 iu
885 1660 968 1714 Verr.
983 1659 1005 1726 l,
1020 1663 1065 1724 11,
1080 1660 1123 1717 55.
1141 1655 1174 1712 P.
1191 1655 1323 1712 Serviliis

236 1744 330 1815 Olym
333 1759 417 1815 pura
437 1746 481 1810 oi,
508 1744 611 1814 copir's,
640 1742 767 1815 consilio,
793 1744 891 1802 virtute
911 1745 997 1816 cepit,
1011 1742 1115 1804 ,urbem
1136 1744 1277 1814 antiquam
1298 1746 1324 1798 ct

234 1827 357 1884 omnibrar
370 1827 454 1884 rebar
469 1833 578 1882 auctam
592 1833 618 1883 et
631 1831 767 1882 ornatam.
798 1827 837 1884 id.
853 1829 890 1884 ib.
905 1829 952 1899 lV,
964 1833 1007 1896 10,
1019 1832 1063 1886 21.
1081 1825 1251 1882 Phaselis
1265 1827 1322 1896 ille,

233 1929 318 1986 quom
337 1914 410 1984 oepit
429 1912 464 1967 Ρ.
481 1911 628 1984 Servilius,
649 1928 705 1967 non
724 1911 822 1984 suerat
840 1913 907 1968 urbs
926 1919 1007 1968 antea
1028 1911 1140 1968 Cilicum
1157 1918 1183 1967 et
1198 1913 1322 1982 praedo

233 2014 315 2061 norm
336 1997 416 2070 Lycii
433 1998 525 2068 illam,
549 1996 650 2052 Graeci
662 1996 800 2068 bombico,
821 1997 983 2054 incolebant.
1020 1995 1077 2052 Sed
1090 1997 1239 2068 quoderat
1252 2000 1320 2052 ebes-

234 2084 307 2138 modi
322 2085 396 2152 loeo,
418 2087 499 2156 atque
515 2084 553 2138 ita
564 2084 689 2154 proiecto
704 2084 733 2138 in
746 2083 845 2153 otbrm,
867 2088 897 2140 ut
911 2087 937 2138 et
950 2087 1083 2140 meantes
1098 2097 1113 2138 c
1129 2080 1223 2138 Cilicia
1234 2097 1323 2154 prue-

234 2170 319 2226 doner
337 2182 422 2241 saepe
436 2169 476 2223 α5
487 2183 548 2224 com
563 2170 720 2224 necessario
735 2168 905 2238 mocnbent,
921 2174 955 2236 et,
970 2183 1054 2238 quum
1067 2181 1098 2222 re
1113 2181 1151 2222 ea
1165 2166 1241 2222 aare
1259 2168 1325 2222 tocie

233 2256 404 2326 reciperent,
423 2253 517 2308 eodem
532 2253 726 2324 deferrentur,
749 2255 907 2310 macerrmt
918 2252 971 2308 sibi
982 2253 1051 2308 illud
1063 2251 1194 2325 oppidum
1202 2253 1324 2323 piratae,

228 2342 323 2411 primo
348 2339 526 2408 commercio,
551 2339 649 2395 danie
670 2340 752 2394 etiam
771 2329 911 2394 societate.
945 2338 1168 2406 Frontinus.
1193 2336 1325 2394 Seruilius

234 2424 416 2479 validissimas
442 2423 524 2478 urbes
537 2424 716 2494 pardonum
735 2427 762 2480 et
787 2424 892 2480 diutina
911 2423 1026 2494 praedo
1045 2421 1215 2478 abarrdamm
1231 2413 1320 2479 Ptre-

233 2509 326 2562 selr'n
351 2512 384 2562 et
411 2505 577 2578 Olympon
603 2508 707 2562 evertit.
751 2507 867 2580 Eutrop.
888 2508 981 2575 VI,3.,
1004 2507 1085 2564 Oros.
1100 2508 1136 2576 V,
1151 2512 1194 2568 23.
1214 2535 1258 2547 -—
1283 2509 1324 2566 De

237 2593 369 2648 universo
385 2591 562 2663 praedonum
576 2593 649 2649 bello
666 2592 702 2647 ct.
717 2591 856 2650 Plutarch.
871 2594 999 2664 Pompei.
1015 2611 1039 2650 c.
1052 2597 1176 2652 94-29,

320 2676 366 2731 Fr.
387 2681 432 2736 80.
469 2675 556 2744 [Cort.
576 2694 605 2749 p.
627 2681 688 2736 955.
712 2677 787 2732 Gerl.
812 2677 859 2732 ed.
881 2678 947 2733 mai.
969 2679 991 2746 Ι,
1009 2683 1053 2736 55.
1077 2677 1123 2734 ed.
1144 2678 1212 2734 min.
1233 2680 1266 2750 ll,
1279 2684 1324 2740 84.

235 2779 265 2835 p.
279 2765 340 2830 195,
356 2765 401 2820 94.
417 2761 501 2817 Debr.
516 2761 551 2836 11,
566 2762 624 2829 88.]
657 2761 752 2818 Verba
767 2761 850 2818 affert
861 2763 969 2821 Nonius
985 2763 1030 2833 ΠΙ,
1045 2767 1089 2822 79.
1103 2780 1134 2836 p.
1147 2768 1207 2832 797,
1215 2767 1240 2822 7.
1253 2766 1326 2821 Mer-

235 2863 303 2914 cen,
321 2845 373 2900 sed
389 2847 504 2918 turpiter
519 2847 550 2900 in
563 2844 647 2902 codd.
664 2845 836 2920 depravata;
858 2853 988 2920 corrupte
1005 2848 1080 2902 enim
1088 2854 1241 2922 partitaque
1255 2850 1326 2923 legi·

234 2937 279 2988 tur
298 2945 350 3003 pro
369 2945 457 3004 specu
476 2935 572 3004 αίααε,
597 2949 631 2988 ac
652 2937 801 3004 praeterea
822 2940 895 2990 totus
917 2935 997 2990 locus
1019 2934 1091 2990 laiso
1113 2935 1233 2990 secunda
1255 2936 1325 2992 libro

236 3017 373 3073 tribuitur.
410 3015 469 3074 Sed
484 3017 575 3089 pruni
595 3033 660 3074 esse
677 3018 733 3074 iam
751 3017 847 3074 Carrio
864 3017 949 3090 vidit,
979 3035 1063 3089 quum
1079 3020 1240 3075 Priscianus
1262 3021 1324 3090 XV,

237 3108 264 3171 2,
281 3106 308 3160 9.
322 3119 352 3174 p.
369 3105 433 3162 518.
446 3101 495 3158 Kr.
518 3119 555 3158 ex
567 3105 662 3174 prino
678 3103 775 3158 laudet
794 3103 833 3158 oct
853 3103 1001 3176 Corycum,
1028 3119 1102 3176 quae
1115 3106 1203 3160 verba
1221 3105 1250 3160 in
1265 3104 1325 3162 Sal-

236 3187 311 3244 lustii
327 3185 395 3243 edd.
410 3204 462 3260 pro
479 3205 556 3244 novo
569 3188 737 3258 Fragmenta
751 3186 875 3244 exhibita
889 3186 976 3257 [Cori.
992 3206 1021 3260 p.
1034 3193 1095 3250 955
1112 3188 1186 3244 Gerl.
1200 3187 1325 3261 ed.‚mai.

235 3273 255 3342 Ι,
273 3275 318 3331 57.
341 3271 387 3328 ed.
408 3272 476 3328 min.
494 3273 514 3340 l,
531 3275 575 3330 71.
600 3287 630 3340 p.
647 3274 707 3339 195,
723 3276 753 3330 8.
774 3271 857 3327 Debr.
881 3271 914 3341 ΙΙ,
929 3274 987 3342 ra]
1008 3273 1161 3329 omittenda
1184 3272 1344 3345 duximus·

236 3356 342 3428 quippe
359 3356 415 3410 iarn
432 3355 487 3410 hoc
511 3356 574 3424 ipso
589 3356 757 3425 Fragmenta
781 3361 920 3414 contenta.
958 3358 1028 3414 Turn
1043 3373 1078 3412 ex
1093 3373 1143 3425 eo,
1167 3358 1243 3430 quod
1259 3357 1327 3416 atia-

236 3456 298 3494 rum
315 3438 426 3494 urbium
441 3439 470 3494 in
481 3438 582 3494 eadem
597 3438 775 3510 expeditione
792 3461 811 3500 a
824 3442 946 3500 Servilio
961 3447 1184 3516 expugnatarum
1195 3443 1225 3498 in
1234 3445 1326 3516 primo

237 3525 307 3579 libro
325 3522 430 3578 mentio
447 3522 493 3592 fit,
511 3522 690 3594 probabiliter
705 3528 823 3600 colligas
839 3525 941 3602 Coryci
959 3546 1070 3602 quoque
1089 3530 1327 3602 oppugnationem

237 3626 254 3664 a
273 3612 432 3662 ceterarum
447 3623 542 3664 rerum
564 3610 723 3666 narratione
740 3629 797 3668 non
812 3615 901 3670 luisse
917 3615 1056 3672 avulsam.
1092 3612 1151 3670 Sed
1172 3631 1290 3686 prorsus
1310 3631 1327 3670 a

236 3708 306 3751 vero
329 3692 472 3748 aberravit
488 3691 583 3748 Carrio
604 3693 677 3752 haec
698 3699 787 3754 verba
809 3715 873 3756 cum
893 3699 945 3767 iis,
968 3715 1040 3771 quae
1057 3700 1225 3771 Fragmento
1245 3700 1267 3767 Ι,
1282 3701 1326 3758 77.

237 3776 403 3849 posuimus,
424 3779 454 3832 in
467 3793 553 3834 unum
569 3780 786 3854 coniungendo,
809 3783 854 3839 cui
870 3784 943 3840 lacto
958 3789 989 3840 ut
1002 3789 1121 3840 externa
1132 3799 1238 3840 caussa
1251 3785 1328 3840 notia

141 3891 144 3900 .
237 3860 381 3938 praesidio
402 3868 460 3931 cst,
488 3864 527 3920 ita
546 3865 656 3922 interna
675 3869 746 3924 ratio
768 3885 887 3939 prorsus
910 3871 1002 3924 obstat
1009 3884 1017 3938 ;
1043 3885 1109 3925 narn
1132 3866 1272 3924 Servilius
1293 3885 1329 3924 cx
1394 3875 1398 3883 ’

236 3945 318 4010 Italia
332 3945 477 4018 proiectus
493 3965 550 4006 non
568 3952 698 4024 continuo
718 3969 831 4008 cursum
846 3952 883 4010 ad
899 3951 1024 4027 Ciliciam
1036 3959 1084 4008 aut
1103 3952 1177 4008 adeo
1193 3953 1230 4008 ad
1243 3952 1330 4025 Corp-

240 4046 305 4085 cum
320 4029 437 4101 direxit,
460 4041 490 4090 ut
505 4034 552 4090 ille
566 4037 640 4104 vult,
664 4035 716 4092 sed
729 4038 896 4109 priusquam
910 4039 1065 4110 piratarum
1086 4039 1267 4110 receptacula
1281 4036 1331 4093 ad-

238 4115 376 4184 oriretur,
392 4119 463 4174 mari
478 4119 627 4190 aliquoties
643 4136 707 4176 curn
723 4121 758 4177 iis
776 4121 917 4192 conflixit3
939 4124 976 4179 cl.
992 4123 1067 4179 Plor.
1081 4123 1127 4191 ΙΙΙ,
1143 4129 1169 4193 5,
1185 4127 1212 4182 4.
1227 4119 1332 4178 Mr'rrur

237 4201 267 4256 ἰα
289 4213 336 4255 eor
357 4199 392 4256 P.
418 4201 552 4259 Servum
574 4206 698 4275 warnero
721 4206 792 4262 teres
812 4213 842 4264 et
859 4207 977 4281 sapaces
1000 4223 1188 4280 myoparonas
1205 4209 1288 4279 praui
1306 4211 1334 4262 ct

238 4282 345 4350 Martia
365 4286 454 4352 classe
474 4287 614 4365 cerberei,
647 4304 702 4344 non
725 4292 870 4354 incruenta
888 4295 1002 4350 vicaria
1021 4299 1145 4372 serperet.
1180 4291 1249 4352 Sed
1268 4306 1333 4356 aet
