3096 4962
230 381 293 432 XVI
534 371 701 434 EDITORIS
723 373 900 434 EPISTOLA
921 371 1065 436 Gallica

231 575 306 621 num
332 555 386 618 vix
413 553 534 618 servari
560 571 659 630 posse
686 555 859 634 videretur,
884 576 922 620 ac
947 575 1010 620 non
1040 556 1100 620 nisi
1127 557 1271 623 felicitate
1293 573 1366 634 qua·

231 660 303 722 dam
327 660 541 722 Romanorum
567 657 709 734 propria,
740 660 942 736 patriciorum
971 677 1093 725 summa
1123 659 1298 724 constantia
1328 674 1366 720 ac

230 761 414 838 pertinacia,
443 758 578 834 denique
608 759 678 836 ipsa
705 763 956 829 adversariorum
981 765 1074 840 culpa
1097 769 1257 842 postremo
1283 760 1365 822 vires

229 863 393 941 reciperet,
438 864 473 925 In
497 863 584 924 ltalia
613 863 695 924 enim
718 864 821 926 Sullae
848 865 1079 943 nobilitatisque
1102 864 1250 939 victoria,
1279 863 1366 924 innu-

229 967 323 1030 meris
349 967 464 1030 civium
492 966 659 1042 caedibuS,
684 968 949 1046 proscriptionum
976 968 1160 1046 asperitate,
1189 963 1365 1042 direptioni-

158 1075 161 1080 '
229 1073 289 1133 bus
312 1071 456 1145 divitum,
486 1086 611 1144 eorum,
636 1087 735 1147 penes
760 1089 840 1149 quos
865 1071 913 1132 vis
940 1079 1021 1147 erat,
1047 1069 1213 1134 insolentia
1236 1082 1365 1146 oppres·

230 1191 285 1237 sae
305 1175 403 1252 partis
426 1179 589 1248 tantopere
618 1174 795 1236 exacerbati
817 1180 906 1239 erant
923 1172 1032 1249 animi,
1058 1180 1175 1236 tantum
1198 1170 1365 1234 excitatum

229 1277 397 1346 nobilitatis
420 1276 540 1350 ouium,
563 1283 611 1350 ut,
641 1277 692 1338 ubi
711 1277 845 1354 primum
871 1278 944 1340 data
969 1282 1056 1340 esset
1078 1275 1221 1350 occasio,
1244 1287 1365 1336 summa

228 1380 260 1440 vi
292 1383 332 1444 ad
364 1379 573 1454 ulciscendam
606 1378 746 1442 iniuriam
775 1381 927 1444 exsistere
957 1379 1150 1454 viderentur,
1183 1376 1365 1456 Lepidoque

229 1485 308 1549 duce
330 1487 493 1548 tumultum
515 1492 678 1546 moverent
698 1486 897 1560 acerrimum,
920 1483 983 1561 quo
1008 1482 1035 1544 si
1056 1481 1221 1556 vicissent,
1244 1494 1365 1544 summa

229 1587 367 1654 omnium
390 1605 495 1650 rerum
515 1586 681 1648 conversio
695 1587 892 1666 maximaque
907 1585 1064 1648 calamitas
1077 1592 1164 1648 esset
1183 1590 1363 1649 consecuta

228 1693 304 1754 Tum
329 1690 501 1764 SertoriuS,
539 1690 588 1750 vir
616 1689 759 1766 ingentis·
781 1690 874 1752 animi
908 1688 1142 1764 acerrimusque
1170 1689 1364 1750 Sullanarum

229 1793 362 1870 partium
381 1792 597 1868 adversarius,
621 1799 777 1860 certamen
800 1800 909 1856 contra
932 1792 1106 1868 optimates,
1128 1789 1159 1852 in
1175 1789 1260 1853 ltalia
1281 1788 1365 1850 haud

227 1913 388 1974 prospere.
409 1903 611 1978 susceptam,
637 1897 679 1958 ita
707 1896 737 1956 in
762 1895 941 1973 Hispaniam
965 1895 1138 1971 transtulit,
1165 1891 1365 1969 algentibus

227 1998 473 2063 bellicosissimis
498 2000 529 2062 in
559 1999 741 2063 societatem
774 1999 894 2064 consilii
918 1999 1025 2062 tractis
1054 1994 1378 2066 formidolosissimus¹

228 2099 356 2179 antiquo
378 2102 508 2180 imperio
524 2105 665 2168 Romano
688 2104 789 2166 hostis
811 2104 915 2179 fieret,
937 2119 1077 2166 summos
1099 2101 1172 2165 belli
1189 2101 1287 2162 duces
1307 2113 1366 2174 per

229 2207 406 2282 complures
437 2223 537 2270 annos
565 2209 708 2272 'eluderet
735 2206 941 2284 maximisque
969 2208 1109 2268 alliceret
1132 2203 1288 2278 cladibus,
1318 2216 1365 2276 ae,

228 2307 288 2372 nisi
310 2309 419 2372 fraude
442 2327 572 2378 suorum
595 2311 776 2386 cecidisset,
798 2329 909 2388 parurn
929 2311 1069 2386 abesset,
1093 2309 1167 2387 quin
1189 2309 1290 2386 ipsam
1309 2304 1364 2364 im-

227 2412 306 2489 perii
334 2414 443 2476 sedem
466 2415 644 2488 invaderet,
680 2413 733 2475 ubi
756 2421 909 2491 perpetuo
938 2413 966 2474 ei
993 2431 1063 2482 cum
1092 2413 1145 2487 iis,
1179 2410 1232 2488 qui
1255 2409 1365 2472 eadem

228 2515 449 2591 moliebantur,
473 2517 686 2586 intercedebat
704 2524 772 2578 arta
792 2515 980 2582 coniunctio.
1023 2517 1060 2578 Ei
1085 2533 1144 2594 par
1164 2513 1279 2604 ingenii
1301 2529 1363 2572 ma-

227 2619 400 2695 gnitudine,
421 2619 600 2684 tortitudine
612 2637 649 2680 ac
660 2619 862 2684 consiliorum
885 2619 1031 2695 audacia,
1052 2620 1164 2696 opibus
1178 2633 1253 2680 vero
1268 2615 1363 2676 multo

228 2723 372 2799 superior
389 2722 582 2796 Mithridates
601 2724 691 2788 Ponti
712 2741 769 2786 rex
795 2725 907 2786 eodem
929 2726 995 2786 lere
1016 2731 1159 2802 tempore
1181 2720 1274 2786 tantis
1296 2718 1366 2782 vlri-

228 2827 287 2891 bus
309 2832 460 2904 tantoque
475 2828 588 2888 ardore
610 2843 727 2890 novum
746 2826 860 2888 bellum
880 2826 1024 2904 sumpsit,
1044 2843 1082 2888 ac
1103 2827 1293 2904 permultos
1312 2837 1365 2884 an·

228 2945 287 2990 nos
306 2928 348 2990 ita
369 2927 482 3005 gessit,
505 2936 540 2993 ut
558 2930 692 2996 nonnisi
705 2947 776 2994 cum
793 2931 915 2994 excidio
935 2930 1056 3010 imperii
1073 2929 1206 2994 Romani
1220 2928 1363 2991 liniturus

229 3046 301 3094 esse
324 3029 492 3100 videretur.
526 3037 612 3112 Quae
635 3037 738 3100 omnia
761 3052 949 3114 quamquam
971 3035 1078 3112 gravia
1098 3042 1201 3110 erant,
1224 3035 1364 3096 multum.

229 3149 290 3210 que
313 3135 429 3212 negotii
445 3137 594 3203 Romanis
613 3140 826 3213 facessebant,
848 3139 908 3198 alia
928 3143 1031 3199 tamen
1053 3137 1258 3214 accedebant,
1283 3153 1363 3214 quae

227 3238 387 3314 angustias
414 3239 537 3304 illorum
566 3249 743 3319 temporum
771 3241 872 3304 adhuc
900 3245 1061 3315 augerent.
1105 3242 1181 3302 Nam
1204 3257 1267 3317 quo
1289 3245 1364 3302 tem·

227 3355 306 3418 pore
328 3341 512 3418 acerrimum
538 3341 691 3420 flagrabat
716 3343 746 3406 in
769 3342 917 3421 Hispania
945 3341 1073 3405 Sertorii
1093 3344 1223 3418 bellum,
1251 3343 1364 3407 eodem

227 3439 259 3502 in
280 3441 465 3518 Macedonia
491 3452 523 3506 et
547 3445 676 3508 Thracia
701 3463 771 3507 cum
800 3446 945 3523 gentibus
968 3445 1168 3510 ferocissimis
1193 3465 1250 3527 per
1272 3463 1363 3512 com·

228 3545 335 3621 plures
361 3562 461 3610 annos
484 3548 671 3624 bellabatur,
697 3547 864 3626 magnique
885 3550 1042 3614 exercitus
1063 3550 1095 3612 in
1119 3551 1179 3614 illis
1198 3551 1288 3614 terris
1310 3553 1363 3614 lra-

229 3645 397 3721 bebantur;
425 3666 489 3712 non
511 3649 647 3713 minores
673 3651 756 3716 vires
787 3652 953 3730 exigebant
982 3654 1146 3734 aliquoties
1172 3654 1254 3718 laeti·
1270 3671 1363 3718 cona·

228 3743 291 3811 tus'
303 3747 420 3828 piratas
448 3751 651 3830 reprimendi,
683 3756 736 3832 qui
763 3773 822 3834 per
836 3758 892 3821 illa
914 3765 1057 3836 tempora
1081 3757 1178 3818 maria
1198 3757 1302 3820 omnia
1319 3759 1363 3822 in·

229 3853 398 3941 restabant,
418 3871 521 3932 eoque
539 3854 722 3920 insolentiae
743 3869 982 3936 processerant,
1010 3867 1045 3924 ut
1066 3867 1243 3936 contempto
1268 3858 1363 3936 impe·

228 3952 274 4018 rio
287 3956 429 4020 Romano
454 3957 555 4034 ipsam
568 3960 685 4024 ltaliam
705 3961 890 4029 invaderent
908 3961 1196 4038 commeatibusque
1212 3962 1362 4040 intercep-

232 4055 269 4120 tis
296 4058 406 4122 urbem
433 4077 554 4122 summa
580 4063 661 4126 fame
682 4071 875 4140 premerent;
906 4065 1040 4142 deniquo
1056 4064 1304 4129 crudelissimum
1326 4079 1363 4124 ac

230 4169 355 4240 praeter
382 4163 648 4240 exspectationem
675 4173 778 4228 ortum
804 4165 919 4229 bellum
947 4167 1062 4228 servile
1083 4165 1176 4229 tantis
1202 4167 1363 4226 Romanos

231 4265 371 4329 cladibus
393 4265 539 4344 percutit,
568 4274 717 4344 tantoque
744 4274 864 4329 terrore
891 4268 1000 4332 urbenr
1028 4267 1181 4346 implevit,
1208 4274 1256 4342 ut,
1286 4281 1364 4343 quoa

230 4368 326 4434 modo
348 4376 488 4433 extrema
507 4369 587 4431 mala
611 4367 798 4448 effugerent,
825 4371 878 4436 diu
904 4389 966 4435 non
991 4374 1151 4436 haberent.
1195 4370 1249 4434 His
1270 4367 1364 4448 igitur
