3098 4970
232 407 276 472 90
595 411 625 470 0.
649 411 822 470 SALLUSTI
844 411 957 470 CRISPI

231 603 394 672 samonio
409 599 560 691 corporis
578 621 733 672 maxume
752 600 952 687 laetabatur,
974 622 1082 696 neque
1098 599 1164 670 illis
1184 600 1318 688 anxius,

204 728 312 822 'quia
336 726 460 797 relicua
484 723 667 818 gloriosius
692 725 861 797 retinebat.

336 856 387 926 58.
426 849 470 924 Et
486 849 536 942 ¹ei
548 873 632 928 voce
649 873 773 946 magna
791 844 1004 924 vehementer
1029 849 1292 954 gratulabantur.

121 1149 128 1156 .
233 1095 363 1150 tixionem
381 1093 456 1150 hanc
479 1088 646 1152 sententiam
667 1094 818 1152 Sallustius
838 1091 940 1150 audaci
964 1091 1017 1148 sed
1039 1091 1319 1146 nervosa·brevilale

234 1181 273 1236 ila
289 1180 400 1250 extulit,
424 1184 454 1234 ut
468 1178 576 1236 diceret
591 1179 746 1236 Sertorium
765 1181 847 1234 tortia
861 1180 948 1247 lacta,
970 1179 1138 1250 scriplomm
1152 1176 1259 1233 invidia
1281 1177 1322 1230 in-

235 1267 391 1332 celebrata,
413 1266 503 1336 ἰρααιν
518 1270 677 1321 ostentasse
699 1265 772 1322 lacie
795 1281 856 1320 sua.
870 1291 914 1304 —-·
942 1264 983 1319 De
1004 1265 1111 1318 ratione
1135 1262 1321 1318 ablativorum

235 1350 272 1404 ad
292 1349 367 1422 facia
384 1351 569 1427 spectantium
590 1367 618 1406 v.
634 1351 672 1406 ad
692 1351 753 1422 lug.
769 1368 796 1406 c.
811 1349 965 1417 LXXXIV,
986 1355 1014 1406 2.
1029 1366 1058 1420 p.
1073 1350 1135 1406 438.
1154 1352 1181 1402 et
1198 1347 1319 1402 Gramm.

234 1437 280 1490 lat.
295 1440 382 1491 nostr.
394 1438 424 1499 8.
441 1439 506 1505 mn,
525 1435 551 1494 9.
574 1453 599 1491 c.
615 1435 750 1492 additam.
764 1453 794 1507 p.
812 1437 874 1492 404.
889 1463 928 1474 -
964 1433 1210 1490 Dehonealnmenlo
1226 1431 1322 1486 ad'el-

235 1522 343 1576 lossum
362 1521 489 1589 oculum,
506 1521 559 1576 illis
574 1521 610 1576 ad
626 1521 773 1577 cicatrices
788 1521 929 1592 pertinere
946 1521 1054 1575 clarum
1069 1523 1121 1572 est.
1151 1515 1322 1573 Dehoneala·

234 1608 318 1662 menti
331 1606 467 1661 vocabulo
485 1605 599 1664 Tacitus
619 1623 731 1678 quoque
747 1607 845 1674 utitur,
866 1605 942 1661 huuc
963 1606 1055 1660 locurn
1069 1601 1147 1660 haud
1163 1601 1247 1658 dubie
1263 1603 1323 1658 irni-

234 1695 323 1758 tatus,
339 1690 458 1744 Historr.
473 1689 520 1758 lV,
536 1694 579 1759 13,
592 1690 669 1746 med.
698 1691 789 1748 Civilis
803 1689 956 1746 Sarmatiam
970 1703 1001 1744 se
1013 1693 1063 1743 cut
1076 1687 1260 1742 Hannibalem
1275 1686 1322 1758 se·

236 1789 318 1843 rens,
332 1775 449 1828 simili
464 1776 539 1828 oris
554 1775 878 1832 dehonestamento.
908 1775 945 1829 cl.
962 1789 1047 1845 supra
1059 1773 1106 1828 Fr.
1121 1773 1147 1842 Ι,
1162 1775 1211 1842 45,
1228 1779 1323 1831 ilm—

236 1861 383 1914 Postrema
397 1859 501 1928 verba,
523 1860 587 1930 ριιὶα
602 1862 708 1916 relicua
723 1861 869 1934 ploriosius
886 1859 1032 1927 retinebat,
1056 1875 1129 1929 quac
1150 1863 1215 1912 sunl
1234 1858 1324 1912 sanis-

238 1945 325 2012 sima,
343 1943 506 2000 Gerlachius
523 1943 588 2000 Vol.
603 1947 649 2001 ΙΙΙ.
664 1963 691 2017 p.
707 1950 765 2004 188.
782 1960 962 2016 corrumpere
985 1961 1072 1999 ausus
1088 1949 1145 2012 est,
1163 1944 1268 1998 relicuo
1284 1942 1324 1998 in·

238 2034 405 2100 terpretatus
426 2031 455 2083 ιἰι
470 2030 594 2101 reliceris,
615 2037 642 2086 el
659 2047 710 2103 pro
726 2029 858 2086 reticebat
872 2028 1053 2086 scribendum
1069 2045 1134 2082 esse
1151 2029 1323 2084 contendens

237 2115 349 2187 αραδαι,
371 2117 400 2168 ut
414 2112 461 2169 hic
476 2131 578 2172 sensus
595 2115 768 2172 alliceretur:
788 2115 921 2186 „relicua
936 2117 997 2172 eius
1012 2114 1071 2168 vita
1083 2119 1145 2168 erat
1159 2112 1251 2168 laudis
1267 2116 1324 2185 ple-

236 2197 394 2267 nissima‚“
415 2201 495 2270 quasi
512 2216 580 2256 vero
601 2200 742 2258 Sertorius
758 2202 881 2273 priorem
895 2201 981 2256 vitam
1001 2215 1082 2254 suam
1098 2189 1240 2254 dedecore
1256 2198 1324 2254 affe-

237 2293 310 2341 ctam
333 2284 420 2340 luisse
443 2285 590 2355 professus
615 2287 659 2342 sit.
702 2288 744 2342 Ne
765 2288 865 2356 multa,
888 2299 922 2338 ea
942 2283 1059 2341 Sertorii
1081 2299 1162 2339 mens
1182 2284 1246 2354 luit,
1269 2301 1324 2355 quo

236 2373 326 2426 maior
340 2371 536 2424 nonnullarum
555 2374 683 2443 corporis
699 2373 743 2427 sui
759 2372 881 2443 partium
895 2369 1058 2425 deformitas
1076 2375 1169 2437 esset,
1191 2383 1222 2424 eo
1237 2371 1325 2426 molus

236 2456 348 2511 reticula
368 2455 453 2509 deeras
473 2467 506 2508 ea
524 2461 641 2524 partum
661 2471 721 2512 esee
728 2461 895 2528 ‚perpetua
910 2456 1015 2527 quippe
1029 2453 1139 2510 virtutis
1155 2459 1235 2510 teste.
1267 2455 1323 2510 lam

237 2536 377 2594 Plutarchi
397 2540 486 2604 verba
503 2538 539 2592 de
558 2539 659 2595 eadem
673 2557 704 2595 re
718 2556 862 2633 apponere
877 2539 964 2610 iuvat,
980 2538 1056 2610 apud
1077 2555 1160 2610 quern
1176 2539 1205 2592 in
1220 2539 1325 2595 Sertor

238 2643 265 2678 c.
280 2626 307 2683 4.
324 2622 396 2676 haec
411 2624 558 2719 legunturr
580 2611 687 2701 Χειρδς
703 2612 940 2720 ἐπιδεικνύμενος
946 2584 1027 2721 ipra
1040 2609 1203 2720 decucurri
1224 2611 1320 2678 καλ
1289 2641 1322 2680 το

237 2706 322 2808 oripo
335 2706 396 2774 τοῖς
410 2691 524 2781 ἆγαῑσιν
539 2694 674 2781 ἆφενθῶς
689 2696 839 2776 έπιδιδοδς
853 2707 923 2765 τῶν
937 2699 1063 2782 ὄψεων
1077 2694 1242 2783 απέβαλε
1247 2693 1298 2800 τδρ
1308 2727 1327 2764 ν

238 2785 370 2887 ἑτέραν
389 2784 630 2850 ἐκκοπεῖσαν.
653 2784 732 2850 Ἐπὶ
756 2811 876 2896 roca?
899 2787 937 2850 δέ
956 2787 1019 2849 καλ
1039 2781 1324 2896 καλλριπιζόριε

238 2894 304 2943 νος
325 2861 382 2931 olel
403 2869 579 2934 διετέλει·
604 2866 673 2948 τοὺς
694 2863 804 2976 μέν
769 2899 827 2956 γαρ
850 2849 957 2948 illicne
979 2864 1036 2934 oria
1056 2863 1154 2935 cleia&
1177 2867 1325 2974 ριαρτιλρια

237 2959 296 3016 τῶν
308 2947 463 3062 ἆριριείαν
471 2957 650 3066 περιφέρειν
666 2950 745 3022 ἄλλα·
761 2984 812 3022 ιιαι
802 2953 1042 3032 ἀποτίθεσθαι,
1066 2976 1191 3039 στριπιοι
1205 2956 1257 3018 acl
1277 2951 1325 3019 δό-

237 3063 311 3122 ρατα
323 3039 373 3102 καὶ
379 3035 565 3152 σνεςρολνρος
584 3039 664 3128 ariao>
651 3043 759 3108 δέ’
724 3069 775 3148 της
789 3036 1007 3152 ἀνδραγαθίας
1009 3043 1190 3124 παραμένειν
1199 3043 1326 3142 γνωρίσ-

236 3149 323 3205 ματα,
338 3118 405 3200 roric
417 3119 525 3202 αὖτοιλς
539 3129 634 3208 ἔχοντι
648 3133 700 3209 τῆς
714 3124 820 3210 ἀρετῆς
835 3125 897 3210 δρα
907 3127 958 3189 aci
971 3131 1024 3206 τῆς
1037 3132 1194 3208 συμφορᾶς
1204 3122 1324 3200 θεατας.

237 3217 315 3286 Quae
337 3223 367 3272 ut
384 3225 478 3290 aperte
495 3237 530 3274 ex
547 3219 679 3276 Sallustio
696 3219 781 3274 ducta
795 3224 875 3286 sunt,
899 3221 937 3274 ita
954 3218 1090 3276 Gelliusl
1105 3219 1123 3272 l.
1139 3217 1238 3274 hunc'
1232 3235 1325 3290 ipsum

236 3303 403 3396 respexisse
411 3309 509 3358 censet
521 3303 559 3358 ad
566 3302 763 3358 Demosthenis
773 3303 883 3358 locum
877 3320 905 3357 rn
913 3307 983 3358 orat
995 3303 1030 3356 de
1043 3302 1107 3358 Cor.
1116 3320 1144 3374 p.
1154 3307 1215 3364 247.
1226 3304 1324 3358 Reisk.

231 3372 354 3460 Ἑῶρων
371 3371 403 3440 δ’
427 3372 520 3442 αὐτὸν
539 3381 705 3460 Φίλιππον,
725 3373 799 3464 πρὸς
814 3375 850 3444 δν
864 3375 967 3483 ἡμῑνὸ
984 3374 1067 3462 aipein
1079 3375 1155 3464 ὑπὲρ
1169 3374 1261 3486 ἀρχῆς
1276 3381 1327 3482 uel
1432 3415 1437 3420 s

237 3454 460 3563 δυναστείας,
433 3485 485 3524 ιον
500 3454 661 3544 ὀφθαλμὸν
676 3458 950 3568 έιιιιειιορμένον,
905 3490 974 3569 την
988 3471 1070 3528 κλεῖν
1084 3464 1255 3612 κατεαγόιρι,
1272 3458 1328 3546 τὴν

237 3553 328 3648 χεῖρα,
347 3570 378 3612 ιο
369 3538 497 3622 σκέλος
511 3549 733 3632 πεπηρωμένον,
750 3555 821 3630 πᾶν,
840 3575 886 3616 οιι
899 3576 938 3613 αν
949 3550 1159 3656 βοολρθολημέ
1159 3575 1209 3656 ρος
1222 3545 1242 3632 ἡ
1255 3547 1328 3656 πόροι

237 3635 289 3692 τοῦ
313 3626 446 3734 ροδματρς
475 3634 675 3740 παρελέσθαι,
702 3639 789 3698 τοῦτο
807 3633 1044 3718 προῖέρενον,’
1021 3655 1111 3698 orare
1132 3633 1173 3700 τὸ
1197 3631 1329 3698 λοιπὸν

237 3707 327 3794 μετὰ
341 3720 449 3796 τιμῆς
467 3717 532 3780 καὶ
548 3715 657 3798 δόξης
676 3725 757 3800 grim
781 3727 834 3782 sed
850 3729 939 3783 fateor
955 3727 1022 3783 mihi
1038 3745 1102 3782 cum
1118 3727 1262 3784 Gronovio
1279 3728 1329 3783 mi

239 3807 341 3862 nimam
364 3807 435 3861 inter
450 3808 647 3866 Demosthenis
665 3817 692 3866 et
708 3811 833 3868 Sallustii
849 3815 937 3870 verba
955 3811 1130 3868 intercedere
1145 3813 1276 3868 videri
1253 3814 1329 3869 simi-

238 3891 399 3960 litudinem,
414 3897 444 3946 ut
461 3892 580 3950 dubitari
596 3895 688 3967 possit
703 3895 738 3951 de
755 3897 908 3952 imitatione
926 3899 1053 3954 consulto
1068 3897 1150 3952 lacta.

308 3977 371 4052 'Fa
387 3980 433 4036 58.
471 3975 561 4052 [Cori.
575 3997 604 4050 p.
621 3986 699 4039 1002.
729 3981 804 4037 Gerl.
821 3981 867 4038 ed.
882 3984 948 4038 mai.
964 3983 1022 4038 lnc.
1038 3988 1081 4040 88.
1097 3981 1145 4037 ed·
1158 3983 1225 4037 min.
1241 3983 1268 4049 1,
1284 3986 1327 4041 61.

239 4076 268 4131 p·
285 4063 345 4129 190,
364 4059 407 4124 18.
422 4061 507 4119 Debr.
523 4063 543 4131 Ι,
559 4067 603 4124 88.
618 4065 662 4136 lll,
677 4069 722 4125 59.
738 4067 774 4134 V,
790 4063 847 4141 aa]
865 4067 965 4124 Donat.
983 4067 1020 4122 ad
1027 4066 1091 4122 Ter.
1098 4067 1190 4122 Andr.
1203 4067 1239 4134 V,
1248 4071 1274 4133 4,
1284 4071 1329 4126 88.

241 4145 315 4212 Quin
336 4145 390 4200 hoc
411 4147 432 4204 F
435 4164 526 4221 ragm.
549 4154 608 4205 arte
630 4150 783 4206 cohaereat
805 4169 868 4208 curn
890 4151 1096 4224 praecedente,
1127 4153 1249 4209 dubitari
1273 4168 1330 4206 non

239 4233 343 4302 potest.
386 4231 482 4288 Verba
503 4234 579 4308 enim
597 4241 726 4307 spectare
741 4236 779 4292 ad
794 4237 964 4306 Sertorium,
986 4239 1022 4293 ob
1033 4253 1080 4292 res
1098 4240 1216 4310 egregie
1232 4244 1330 4307 gestas

241 4315 377 4397 apopulo
393 4315 550 4376 honorilice
568 4321 597 4376 in
613 4321 724 4384 theatro
745 4327 908 4401 exceptum,
941 4322 1104 4397 intelligitur
1127 4339 1164 4378 ex
1179 4321 1329 4381 Plutarcho
