3096 4962
195 359 309 409 xxvnr
490 335 668 405 nnrronrs'
683 348 860 406 EPlSTOLA·
885 347 1027 406 caruca

193 535 227 598 tii
253 541 352 609 esset,
385 538 583 608 annotarent,
617 529 646 592 in
672 531 854 594 universum
877 537 981 594 autem
1004 529 1152 594 intactum
1173 529 1326 610 relinque-

193 647 264 702 rent
284 640 540 714 Fragmentorum
570 641 683 697 statum
710 640 803 710 atque
833 635 991 710 ordinem,
1030 653 1092 713 quo
1117 635 1147 698 in
1170 635 1325 698 Carrionis

194 742 331 821 editione
363 738 555 816 prodierunt.
600 741 708 816 Neque
734 755 869 816 unguem
902 745 1116 802 transversum
1146 739 1185 799 ab
1214 740 1325 801 horum

195 841 421 908 consuetudine
444 840 671 916 discesserunt,
701 840 753 918 qui
783 840 984 919 amplioribus
1015 840 1202 903 editionibus
1222 859 1325 904 emcn-

194 946 309 1010 dationi
332 961 462 1024 operum
475 943 732 1006 Sallustianorum
753 948 918 1007 consulere
940 947 1140 1018 studuerunt,
1160 945 1222 1006 los.
1235 945 1327 1005 Was·

195 1051 261 1114 sius
295 1049 462 1112 Britannus
503 1047 640 1123 (lull),
673 1049 813 1126 Theoph.
838 1048 960 1112 (lortius
989 1038 1161 1110 Germanus
1194 1048 1326 1124 (1724),

195 1154 298 1232 Sigeb.
317 1149 562 1227 Havercampius
586 1153 723 1214 Batavus
749 1151 881 1227 (1742).
926 1153 974 1212 Ex
993 1151 1105 1228 quibus
1138 1169 1232 1228 quum
1255 1151 1327 1212 Cor·

193 1257 256 1322 tius
271 1256 369 1334 magis
391 1255 538 1332 specioso
558 1255 769 1317 infructuosae
785 1254 946 1318 doctrinae
958 1261 1118 1333 apparatu,
1141 1271 1233 1331 quam
1250 1271 1327 1316 sana

195 1361 318 1424 criticae
354 1358 428 1422 artis
466 1359 662 1421 exercendae.
693 1359 814 1422 ratione
843 1365 960 1422 tantem
988 1359 1071 1436 apud
1101 1357 1187 1420 viros
1214 1357 1326 1418 doctos

194 1464 410 1528 auctoritatem
443 1469 554 1524 nactus
583 1469 684 1536 esset,
712 1470 761 1539 ut,
795 1481 876 1541 quae
904 1470 978 1542 post
1008 1481 1079 1524 cum
1109 1460 1139 1522 in
1164 1458 1328 1522 Germania

194 1568 379 1649 prodierunt
408 1565 575 1653 editiones,
613 1564 831 1643 superstitiose
862 1565 930 1628 eius
963 1563 1181 1626 recensionem
1217 1579 1328 1639 seque-

195 1677 320 1744 rentur,
348 1685 391 1729 ·eo
415 1669 616 1742 factumest,
646 1674 681 1729 ut
702 1669 901 1746 Fragmenta,
932 1686 1012 1746 quae
1035 1682 1092 1746 per
1112 1665 1269 1732 seminus
1287 1667 1327 1726 ad
1399 1706 1402 1708 -

195 1777 310 1838 novam
345 1786 452 1834 curam
485 1769 664 1844 invitarent,
702 1772 847 1849 perduc
876 1773 982 1834 secula
1009 1777 1134 1848 praeter
1156 1769 1327 1832 auctiorem

197 1877 355 1954 aliquanto
378 1889 542 1934 numerum
562 1872 678 1936 intacta
698 1874 850 1950 iacerent,
883 1891 985 1951 neque
1014 1873 1104 1934 aliam
1126 1873 1329 1936 induerentur

199 1981 342 2052 sormam,
367 1993 541 2054 quamque
563 1995 581 2038 a
603 1978 750 2040 carrione
772 1980 916 2054 evulgata
935 1977 1066 2040 luerunt.
1111 1978 1160 2039 Ab
1176 1994 1214 2038 ea
1228 1976 1328 2038 disce-

195 2083 270 2143 dere
291 2078 409 2158 primus
438 2083 576 2142 conatusx
596 2089 645 2144 est
667 2085 733 2145 Car.
762 2079 949 2144 llebrossius
973 2081 1097 2156 Gallus,
1132 2087 1217 2142 recte
1243 2095 1328 2140 asse-

196 2191 285 2246 cutus
318 2181 441 2244 unicam
473 2183 624 2248 rationem
658 2188 807 2249 contusas
840 2186 1088 2260 obscuratasque
1121 2181 1328 2244 Historiarum

194 2283 340 2364 reliquias
366 2285 529 2348 ordinandi
552 2296 646 2366 atque
675 2288 849 2352 illustrandi
877 2302 950 2350 esse
976 2287 1072 2360 hanc,
1096 2293 1135 2347 ‚ut
1156 2285 1327 2346 secundum

195 2408 298 2452 rerum
318 2397 477 2466 gestarum
495 2389 635 2451 ordinem
657 2391 913 2468 disponerentur,
940 2397 973 2450 et
995 2396 1144 2465 quantum
1165 2385 1233 2446 lieri
1254 2384 1327 2462 pos'·

196 2501 245 2555 set
271 2509 311 2553 ex
339 2498 485 2552 accurata
509 2491 631 2554 illorum
660 2500 836 2570 temporum
864 2491 972 2554 notitia
999 2493 1100 2552 lucem
1137 2487 1327 2565 acciperent.

96 2654 99 2658 .
197 2595 260 2656 Sed
282 2601 399 2656 tantum
427 2593 537 2668 abfuit,
567 2601 602 2656 ut
623 2595 670 2668 id,
706 2597 791 2671 quod
813 2594 988 2656 laciendum
1010 2608 1084 2654 esse
1103 2589 1250 2664 vidisset,
1277 2588 1328 2650 via

197 2703 228 2756 et
258 2694 377 2765 ratione
403 2696 582 2772 perficeret,
620 2705 651 2757 ut
672 2713 730 2772 per
755 2703 852 2758 totum
878 2711 958 2770 opus
977 2710 1111 2780 ⁶summa
1138 2691 1262 2753 levitate
1292 2709 1328 2754 ac

195 2797 320 2860 libidine
345 2805 558 2875 grassaretur,
591 2817 629 2861 ac
660 2797 837 2860 vanissimis
868 2795 1125 2859 alucinationibus
1152 2794 1327 2872 indulgens

195 2917 308 2962 novam
325 2899 486 2978 induceret
496 2902 750 2979 Fragmentorum
767 2901 997 2975 contusionem,
1019 2908 1050 2962 ct
1065 2915 1084 2960 a
1100 2915 1186 2963 vero,
1195 2901 1328 2976 plerum-

196 3021 258 3080 que
278 3001 458 3081 longissime
481 3006 649 3068 aberraret.
672 3037 674 3044 ⁴
693 3007 800 3084 Neque
823 3004 933 3066 mirum
950 3011 999 3066 est
1019 3005 1081 3066 hoc
1102 3001 1145 3064 illi
1164 3000 1327 3074 accidisse,
1379 2993 1381 2999 ’

129 3109 133 3118 ’
200 3103 249 3166 cui
271 3113 396 3184 praeter
417 3108 601 3170 laudabilem
623 3110 662 3170 de
683 3106 792 3169 litteris
821 3105 960 3168 merendi
976 3108 1171 3168 voluntatem
1193 3123 1229 3167 ac
1252 3103 1327 3166 satis

200 3227 342 3287 magnam
361 3210 509 3274 librorum
531 3211 632 3274 omnis
651 3209 774 3288 generis
792 3209 959 3271 lectionem
976 3211 1040 3270 lere
1056 3209 1159 3272 omnia
1173 3211 1341 3284 deessent,

198 3311 266 3372 sine
290 3311 402 3390 quibus
425 3313 680 3390 Fragmentomm
707 3310 891 3373 emendandi
918 3311 1143 3390 ordinandique
1171 3300 1329 3389 negotium

202 3421 285 3474 recte
305 3415 479 3492 procedere
497 3414 621 3492 nequit;
648 3421 711 3476 tarn
738 3431 848 3491 parum
868 3413 948 3475 enim
972 3417 1063 3492 quale
1089 3422 1174 3477 esset
1195 3421 1260 3474 tum
1275 3431 1327 3473 ve·

195 3523 294 3577 terum
324 3515 496 3596 ingenium,
534 3525 599 3578 tum
631 3515 766 3578 Sallustii
803 3515 966 3594 peculiaris
1005 3515 1126 3580 indoles
1165 3523 1196 3578 et
1230 3503 1328 3577 virtus

197 3617 373 3696 perspexit,
403 3626 437 3681 ut
459 3615 516 3680 sibi
538 3619 742 3696 persuaderet
769 3617 1022 3682 florentissimum
1044 3617 1159 3682 rernm
1176 3621 1327 3681 Romana-

196 3738 264 3781 rum
285 3727 445 3785 auctorem
470 3719 584 3782 Gallioa
612 3720 735 3783 levitate
764 3721 918 3785 Historias
946 3723 1179 3802 composuisse3
1206 3723 1247 3782 ad
1268 3723 1329 3784 hoc

198 3821 302 3884 critica
335 3824 481 3884 facultate
516 3839 647 3899 prorsus
678 3823 844 3887 destitutus
873 3843 909 3887 ac
937 3825 1030 3888 latine
1065 3845 1104 3887 ne
1132 3823 1330 3887 mediocriter

198 3924 322 4011 quidem
347 3925 459 3986 doctus
489 3940 632 4002 vagaque
654 3925 841 4005 imaginandi
862 3927 984 3992 licentia
1001 3947 1059 4008 pro
1083 3929 1223 3991 acumine
1245 3945 1324 3990 usus

196 4028 225 4088 in
248 4035 295 4089 tot
316 4034 484 4106 tantosque
511 4043 635 4090 errores
657 4028 777 4105 incidit,
804 4037 937 4107 quantos
962 4030 1012 4092 vix
1039 4031 1185 4094 credibile
1214 4037 1263 4093 est
1287 4031 1326 4091 ab

195 4127 321 4190 homine
343 4129 436 4190 docto
469 4130 617 4192 committi
644 4131 796 4209 potuisse.
840 4134 930 4194 Varro
955 4132 1035 4194 enim
1065 4133 1168 4194 studio
1193 4132 1325 4210 agitatus

197 4231 301 4293 omnia
326 4231 451 4295 omnino
471 4231 654 4309 Fragmenta
680 4234 870 4310 intelligendi
899 4251 935 4294 ac
965 4250 1022 4295 suo
1051 4235 1122 4296 loco
1152 4232 1328 4296 collocandi

196 4334 340 4414 plurima,
364 4353 447 4414 quae
468 4337 582 4397 nullam
603 4338 695 4414 plane
718 4317 1156 4420 explicationem‘admittunt,
1182 4343 1327 4415 tanquam
