3098 4970
473 362 720 422 HISTORIARUM
740 359 975 418 FRAGMENTA.
1020 361 1087 416 LlB.
1111 361 1145 416 11.
1275 353 1337 419 155

354 555 406 620 ta
451 550 547 620 ..is
571 546 719 618 saevitia.
765 545 839 632 Qua
870 565 907 615 re
934 545 1075 639 fatigate
1105 543 1220 637 plebes
1252 545 1338 616 lorte

253 790 326 848 culto
342 789 370 844 in
385 789 409 846 ll
424 789 494 845 libro
510 805 545 844 ne
562 791 651 844 verbo
665 787 778 859 quidem
798 793 890 843 actum
905 791 963 853 est,
988 790 1018 841 ut
1031 791 1139 841 taccam
1153 786 1338 856 posteriorem

253 873 488 944 enunciationem,
504 891 576 946 qnae
591 876 706 930 alteram
724 873 847 928 continet
862 871 944 928 lamis
960 886 1102 938 caussam,
1117 870 1238 928 absurde
1254 871 1338 928 adiici

253 959 354 1032 priori,
369 975 425 1030 qua
440 959 528 1016 sames
544 961 600 1014 iam
614 957 771 1014 manducato
787 957 888 1012 dieitur
901 957 973 1028 repis
988 971 1067 1011 cura.
1085 983 1129 998 --
1149 954 1230 1023 Quod
1247 957 1338 1012 locum

252 1045 317 1100 huic
332 1044 501 1116 bragmento
526 1031 673 1114 assignavi
689 1043 759 1096 inter
775 1042 893 1111 primurn
916 1057 949 1096 ae
972 1040 1126 1096 secundum
1141 1041 1339 1112 Fragmentum

253 1129 432 1197 Toletanum,
449 1128 586 1185 audacius
602 1128 715 1199 quidem
732 1126 823 1182 videri
839 1126 944 1196 possit;
971 1125 1023 1180 sed
1039 1126 1101 1197 qui,
1123 1141 1196 1197 quae
1213 1127 1282 1181 ratio
1300 1128 1340 1181 in·

254 1212 380 1270 tercedat
400 1212 472 1268 inter
494 1229 617 1284 sequens
637 1213 682 1268 Fr.
707 1217 733 1266 et
756 1211 911 1266 orationem
933 1210 1042 1278 Cottae,
1069 1211 1256 1282 reputaverit,
1283 1227 1340 1266 non

254 1299 385 1366 multum,
400 1298 516 1368 opinor,
536 1297 687 1364 dubitabit,
705 1297 771 1367 quin
787 1295 858 1352 haec
880 1297 967 1351 verba
982 1295 1016 1350 ea
1028 1295 1181 1350 columnae
1197 1296 1339 1352 secundae

208 1394 210 1398 ·
254 1389 348 1452 parte,
369 1397 442 1451 quae
457 1381 613 1448 intercidit,
636 1382 709 1436 lecte
725 1381 834 1436 luerint
872 1377 966 1436 Tertia
979 1379 1053 1434 enlm
1068 1379 1244 1450 palimpsesti
1260 1380 1341 1436 Tole-

255 1467 311 1522 tani
334 1465 465 1521 columna
485 1465 622 1536 quamde
642 1466 759 1520 tumultu
773 1464 864 1535 plebis
886 1464 1014 1534 lectoque
1037 1464 1067 1518 in
1082 1465 1214 1518 eonsules
1236 1464 1341 1536 impetu

256 1551 380 1618 dicatur,
401 1565 522 1610 necesse
537 1551 622 1606 estin
644 1548 874 1606 antecedentibus
892 1562 1011 1604 caussas
1029 1549 1090 1604 eius
1106 1549 1237 1605 turnultus
1254 1550 1340 1606 tuisse

256 1641 498 1691 commemoratas.
534 1635 581 1690 Ad
602 1651 652 1690 eas
673 1634 831 1706 respiciens
850 1632 929 1689 Cotta
949 1634 978 1688 in
998 1634 1124 1690 oratione
1149 1633 1186 1688 ad
1205 1636 1341 1705 populum

255 1719 420 1789 animosque
436 1719 556 1776 irritatos
571 1719 673 1776 sedare
689 1719 805 1776 studens
820 1717 1079 1790 docetproeseotes
1092 1720 1219 1774 mumius
1239 1722 1341 1788 (3.1),

255 1804 328 1860 domi
349 1802 461 1876 bettiqoe
479 1805 710 1877 imperatoremm
730 1804 863 1876 rempubl.
883 1806 923 1872 (s.
940 1805 997 1873 6.),
1019 1803 1120 1874 infeste
1135 1801 1235 1861 Italiae
1254 1808 1340 1860 omri-

256 1897 329 1944 tume
346 1889 445 1958 (s.7.),
460 1889 603 1960 fortunam
617 1904 785 1946 communem
800 1903 939 1961 oapmom.
949 1892 1038 1957 (5.8.)
1056 1889 1116 1944 sine
1133 1897 1185 1944 sna
1199 1890 1281 1960 eulpa
1297 1907 1342 1945 ac-

256 1972 375 2041 cidisse,
392 1971 572 2047 horteturque
587 1981 616 2030 ut
630 1975 751 2032 advorsa
768 1975 881 2030 tolerent
897 1976 936 2043 (s.
954 1976 1025 2042 la),
1048 1989 1120 2030 neve
1130 1975 1213 2044 poesis
1226 1976 1338 2046 opulcn-

234 2065 237 2070 '
255 2059 320 2114 tiens
334 2065 485 2128 quaerant,
509 2076 593 2130 quum
609 2061 703 2116 omnia
717 2075 820 2130 aspera
836 2059 891 2114 sint
911 2061 951 2127 (s.
968 2059 1034 2126 it).
1069 2058 1094 2112 ls
1112 2057 1232 2114 afflictus
1248 2065 1340 2116 autem

256 2159 349 2198 rerum
371 2145 539 2200 urbanarum
562 2149 650 2200 status
670 2145 792 2199 maxime
809 2145 955 2199 constabat
973 2143 1065 2214 fame,
1088 2159 1143 2213 qua
1159 2143 1213 2197 iam
1235 2143 1283 2198 diu
1303 2146 1343 2198 la·

256 2229 421 2294 borabatur,
446 2229 532 2284 variis
548 2227 792 2284 caussis-effecta.
822 2226 879 2282 Has
895 2227 978 2298 igitur
999 2243 1084 2297 quum
1105 2232 1201 2298 aperte
1223 2229 1343 2299 tetigerit

231 2329 234 2333 ’
257 2309 416 2379 Sallustius,
435 2318 464 2367 ut
479 2312 630 2369 ostendunt
645 2315 732 2369 verba
747 2312 890 2383 sequentis
906 2311 951 2366 Fr.
967 2327 1033 2382 qua
1048 2325 1084 2366 re
1103 2311 1221 2384 fetinato
1236 2313 1341 2383 plebes,

258 2411 341 2468 quam
356 2397 478 2452 maxime
492 2399 637 2471 probabile
654 2404 697 2453 est
711 2399 782 2453 inter
798 2398 853 2452 alie
869 2397 953 2452 etiam
974 2400 1138 2452 commeatus
1159 2414 1178 2450 a
1192 2397 1343 2453 turonibus

257 2483 420 2553 interceptos
436 2499 500 2538 eum
515 2498 768 2551 commemorasse,
792 2480 829 2538 ad
844 2499 928 2554 quarn
943 2497 1003 2536 rem
1018 2481 1101 2536 etiam
1121 2480 1239 2547 Cottas.
1257 2485 1282 2540 t.
1299 2489 1340 2541 ll.

259 2572 285 2621 et
301 2568 342 2624 14.
364 2568 487 2638 respicit.
523 2567 659 2624 meones
676 2575 767 2624 utrum
783 2566 958 2639 intelligendi
974 2565 1029 2622 sint
1049 2571 1209 2637 terrestres,
1232 2585 1267 2623 an
1281 2585 1342 2623 mo·

257 2653 354 2719 ritbni,
376 2669 433 2706 nou
445 2655 529 2724 plane
547 2655 648 2723 liquet;
678 2669 847 2725 quamquam
862 2654 937 2708 enim
950 2652 997 2708 illo
1012 2667 1098 2707 sensu
1115 2653 1285 2724 frequentius
1302 2653 1343 2708 di-

181 2757 186 2764 *
217 2801 219 2804 Ι
258 2737 372 2803 cuntur,
396 2743 489 2792 tamen
506 2737 624 2794 dubitari
641 2739 751 2808 nequit,
775 2739 842 2810 quin
861 2738 943 2792 etiam
959 2737 1120 2808 praedones
1141 2739 1179 2793 ita
1198 2738 1265 2794 dicti
1284 2739 1342 2794 lue-

259 2821 328 2886 rint,
359 2837 443 2890 quum
466 2823 603 2878 latrocinii
622 2838 733 2893 quoque
755 2829 782 2888 et
802 2822 987 2878 latrocinandi
1006 2823 1147 2878 voeabula
1169 2823 1203 2878 de
1226 2824 1342 2895 piratica

260 2911 463 2974 usurparentur
470 2920 479 2972 ;
507 2907 542 2959 cl.
558 2905 632 2960 Vell.
649 2906 682 2972 Il,
697 2909 741 2972 tn,
756 2909 781 2962 3.
803 2905 860 2960 Cic.
878 2906 914 2960 de
931 2906 1000 2977 Rep.
1016 2906 1089 2972 11,4.
1115 2937 1157 2944 —
1182 2910 1235 2964 Pro
1257 2910 1342 2963 inter-

258 2990 351 3043 ierant
370 2986 551 3056 Gerlachius,
577 2988 701 3046 Douzam
722 2993 749 3041 et
770 2987 931 3043 Carrionem
949 2995 1078 3059 secutus,
1100 2992 1234 3063 seriptum
1255 2993 1343 3048 luisse

260 3071 372 3128 coniicit
385 3071 524 3145 interfecti
536 3079 630 3141 erent,
654 3089 725 3145 quae
742 3073 904 3129 coniectura
919 3089 989 3141 non,
1007 3079 1035 3128 ut
1050 3075 1096 3129 ille
1113 3075 1164 3145 ait,
1180 3077 1343 3147 probabilis,

161 3177 163 3182 ’
260 3157 312 3213 aad
327 3157 443 3228 prorsus
459 3159 553 3230 inepta
573 3166 625 3214 est.
662 3160 733 3214 Nam
750 3157 827 3228 quod
841 3175 907 3214 earn-
919 3159 1048 3214 lemmate
1070 3158 1179 3215 articuli
1200 3177 1342 3214 commen-

261 3241 323 3300 dari
336 3249 447 3314 putant,
468 3243 588 3315 primum
603 3261 658 3300 non
672 3243 808 3299 *viderunt
822 3243 852 3298 id
868 3243 909 3300 sic
924 3243 1045 3298 habere:
1065 3245 1202 3316 „interfici
1216 3250 1243 3298 et
1257 3245 1346 3302 occidi

260 3333 287 3392 et
317 3329 468 3384 inanimata
497 3347 599 3401 posse,
636 3335 747 3386 veteres
774 3328 932 3384 vehementi
959 3329 1121 3384 auctoritate
1146 3330 1343 3400 posuerunt;“

260 3420 317 3468 tum
339 3431 389 3470 eos
407 3414 477 3486 sugit
492 3415 574 3472 Nonii
588 3416 721 3485 ¹exempla
734 3430 791 3468 non
806 3414 878 3470 haec
893 3412 991 3483 modo,
1014 3413 1067 3469 sed
1083 3415 1166 3472 etiam
1182 3414 1284 3471 similia
1299 3417 1343 3484 in-

260 3498 387 3554 coeundi
405 3504 432 3552 ct
446 3500 604 3570 perimendi
621 3501 709 3554 verba
723 3499 885 3570 complecti,
911 3515 999 3569 quae,
1021 3499 1045 3554 si
1067 3499 1119 3556 sibi
1135 3505 1263 3575 constare
1285 3503 1343 3555 vel·
1379 3551 1382 3556 .

262 3584 334 3649 lent,
353 3583 458 3653 pariter
475 3600 525 3654 pro
542 3584 680 3655 corruptis
695 3583 801 3639 habere
812 3590 844 3638 et
860 3585 888 3638 in
903 3600 1000 3640 eorum
1016 3585 1107 3641 locum
1126 3585 1282 3656 interficere
1298 3588 1343 3640 vel

260 3665 333 3722 adeo
347 3667 472 3725 occidere
490 3668 656 3726 substituere
673 3667 824 3736 debebant3
852 3669 972 3740 denique
995 3669 1053 3726 vim
1073 3669 1170 3726 harum
1191 3670 1343 3727 dictionum

261 3759 316 3810 tam
337 3768 437 3824 parum
452 3755 573 3808 assecuti
592 3759 668 3821 sunt,
696 3758 724 3808 ut
743 3769 835 3824 neque
854 3755 934 3808 veria
951 3754 1064 3810 dicendi
1081 3771 1185 3826 genera
1201 3755 1344 3812 discerne-

261 3843 329 3907 rent,
346 3853 437 3908 neque
451 3839 652 3909 perspicerent,
668 3839 777 3894 etiamsi
790 3839 853 3894 lieet
867 3840 897 3894 in
911 3840 1009 3894 iocoso
1026 3846 1053 3894 et
1067 3841 1196 3896 lamiliari
1213 3857 1343 3896 sermone

249 3939 311 3994 ,pro
330 3925 544 3994 consumptis
556 3923 747 3979 commeatibus
762 3923 855 3978 dicere
874 3923 1091 3997 interfectos
1106 3932 1284 3991 commeatus,
1304 3933 1344 3982 ta·

261 4025 325 4064 men
341 4008 503 4080 neutiquam
518 4009 603 4064 licere
616 4013 795 4076 commeante,
813 4010 860 4080 qai
875 4011 1107 4078 interierunt,
1127 4011 1343 4082 interfectos

169 4092 172 4099 '
262 4091 366 4159 dicere.
1114 4125 1118 4130 ·

345 4179 392 4232 Fr.
406 4179 451 4237 49.
493 4173 596 4251 [Deest
617 4177 693 4249 apud
708 4177 797 4246 Cora,
814 4169 1036 4234 bernecort.
1056 4183 1089 4232 et¹
1104 4178 1171 4233 min.
1191 4185 1217 4234 et
1239 4179 1341 4248 Deba]

262 4261 459 4334 Fragmentum
489 4279 590 4320 recens
620 4263 741 4318 accessit
769 4279 805 4318 ex
824 4263 1011 4334 Palimpsesto
1033 4261 1187 4334 Toletano,
1217 4265 1273 4319 eol.
1293 4264 1341 4322 ΙΙΙ.
