3062 4958
225 380 289 445 286
565 384 595 442 O.
616 385 787 444 snttusrt
808 385 922 444 CRISPl

226 575 299 643 rant
319 569 530 662 triumphoS,
544 569 774 659 Mithridatem,
799 569 981 641 Sertorium
1004 574 1037 640 et
1060 571 1215 663 reliquias
1242 593 1307 640 ex-

226 697 335 766 sulum
360 697 601 788 persequantur
623 716 697 764 eum
718 696 917 788 imaginibus
938 695 1025 786 suis3
1055 695 1140 766 absit
1169 695 1305 786 pericn-

225 821 293 889 lum
316 823 349 889 et
370 819 480 902 labos,
507 820 626 912 quibus
649 821 740 890 nulla
762 843 841 913 pars
869 823 996 891 tructus
1023 824 1084 891 est.
1126 820 1195 890 Nisi
1218 823 1304 892 forte
1317 842 1350 896 19

226 944 396 1036 repentina
422 944 485 1012 ista
510 943 723 1016 frumentaria
748 946 825 1038 lege
849 945 959 1016 munia
980 947 1096 1014 vostra
1116 948 1306 1036 pensantur,

226 1090 292 1161 qua
318 1073 427 1139 tamen
456 1069 564 1161 quinis
597 1069 715 1139 modiis
744 1071 926 1142 libertatem
959 1069 1103 1139 omnium
1135 1071 1306 1138 aestuma-

225 1309 291 1365 Cum
312 1308 474 1380 dnaqinibus
493 1310 551 1364 sito
574 1308 713 1381 significat
732 1310 814 1366 socii
835 1315 862 1365 et
880 1307 1050 1364 adiutoribus
1069 1307 1231 1382 imopirtibus
1249 1309 1306 1364 ereb

222 1397 275 1462 usi,
292 1395 336 1448 cui
354 1395 508 1449 sententiae
523 1393 606 1450 tacito
622 1394 774 1466 opponitur
787 1397 847 1450 sim
861 1393 943 1450 vobis.
974 1393 1092 1449 Mirifice
1108 1399 1200 1452 autem
1215 1393 1305 1449 Faber

222 1478 268 1533 hic
283 1479 425 1548 observat,
442 1495 503 1534 cum
519 1495 605 1550 saepe
620 1480 657 1534 ita
668 1481 751 1551 poni,
767 1486 797 1534 ut
811 1485 986 1552 contemptus
1003 1485 1085 1550 atque
1103 1479 1305 1551 indignationis

222 1564 280 1620 vini
301 1563 419 1632 habeat;
441 1565 521 1635 quasi
545 1565 601 1619 ulla
615 1565 788 1638 praepositio
804 1565 916 1620 ullusve
930 1581 1032 1631 casus,
1050 1565 1150 1638 quibus
1164 1579 1303 1636 prominu-

221 1651 274 1703 tica
289 1649 431 1703 nominum
451 1650 523 1703 ratio
545 1647 698 1719 indicatur,
715 1648 852 1704 honorem
874 1656 921 1704 aut
940 1655 1127 1721 contemptum
1143 1648 1304 1721 significare

222 1733 345 1803 possint,
366 1749 454 1804 quae,
471 1735 494 1791 si
514 1733 627 1804 quando
642 1735 734 1788 locum
753 1735 870 1804 habent,
887 1735 916 1788 in
935 1735 1068 1790 universa
1083 1735 1229 1802 sententia,
1248 1739 1304 1789 no'n

223 1818 251 1872 in
271 1818 480 1888 praepositione
497 1819 601 1873 insunt.
640 1817 721 1888 Cum,
741 1819 818 1890 quod
838 1820 866 1874 in
886 1819 1051 1876 universum
1072 1819 1191 1875 duarum
1210 1835 1304 1876 rerum

222 1903 448 1958 coniunctionem
476 1901 620 1975 designat,
652 1902 697 1958 hie
726 1901 831 1958 indicat
856 1905 994 1976 imagines
1021 1905 1160 1960 nobilibus
1187 1905 1225 1959 ita
1254 1903 1303 1959 ad-

222 1986 349 2055 haerere,
365 1993 393 2042 ut
408 1987 469 2041 sine
485 1987 519 2043 iis
536 1993 665 2044 constare
681 1996 829 2060 nequeant.
854 1987 1034 2061 Contemptus
1050 1990 1134 2060 igitur
1149 1991 1194 2044 vel
1208 1989 1302 2061 potrus

222 2072 311 2127 ironia
326 2073 354 2126 in
369 2089 403 2127 eo
416 2073 550 2140 cernitur,
566 2073 642 2145 quod
658 2074 765 2130 nobiles
780 2075 909 2130 iubentur
924 2092 940 2130 a
955 2089 986 2128 re
999 2075 1172 2142 vanissima,
1189 2075 1241 2130 sed
1257 2076 1301 2128 cui

221 2157 260 2211 illi
277 2159 426 2228 plurimum
441 2158 571 2227 tribuunt,
588 2159 722 2215 auxilium
740 2159 777 2214 ad
791 2160 867 2216 bella
881 2159 1008 2232 gerenda
1021 2167 1127 2230 petere.
1143 2189 1185 2199 -
1199 2158 1311 2226 Quibiu‘

219 2244 339 2298 retertur
354 2243 392 2298 ad
405 2243 440 2298 iia
455 2243 490 2312 (i.
506 2259 533 2298 e.
549 2244 643 2314 oobe'e),
659 2243 735 2316 quod
749 2245 777 2299 in
793 2245 1021 2301 antecedentibus
1036 2245 1072 2300 ad
1086 2244 1157 2299 obsit
1169 2247 1301 2316 supplen-

221 2327 288 2381 dum
311 2334 369 2396 est3
392 2328 428 2382 cl.
447 2327 567 2400 liriigeri
588 2329 738 2385 Grammat.
760 2331 808 2385 lat.
830 2335 855 2396 s.
880 2335 942 2390 539.
963 2346 992 2401 p.
1014 2332 1076 2389 tat.
1094 2335 1181 2384 nostr.
1197 2335 1224 2395 s.
1240 2333 1300 2398 tls,

220 2415 246 2479 4,
261 2428 291 2482 p·
305 2417 367 2471 486·

305 2501 331 2561 §-
344 2501 386 2556 19.
411 2499 556 2569 repentina
570 2501 623 2554 ista
636 2497 823 2570 fmmentariu
839 2499 909 2572 lepe)
933 2499 1097 2570 intelligitur
1110 2500 1156 2554 lex
1171 2498 1300 2553 Terentia

221 2586 249 2633 et
264 2579 364 2636 Cassia
378 2581 580 2652 trumentaria,
601 2583 657 2638 lata
679 2601 705 2638 a.
726 2584 764 2638 M.
787 2583 851 2639 Ter.
872 2585 1000 2639 Varrone
1018 2591 1046 2638 et
1059 2583 1090 2640 C.
1108 2583 1205 2640 Cassio
1222 2583 1299 2638 Varo

220 2682 296 2723 coss.
318 2681 345 2720 a.
366 2669 411 2725 73.
432 2681 458 2720 a.
475 2665 540 2722 Chr.
561 2683 588 2722 n.
611 2668 646 2722 el.
665 2666 722 2723 Cic.
750 2670 778 2723 in
799 2669 882 2724 Verr.
897 2667 942 2737 ΙΙΙ,
966 2671 1009 2738 70,
1026 2670 1087 2728 16³.
1103 2675 1130 2724 et
1144 2667 1180 2736 V,
1195 2675 1240 2738 21,
1254 2674 1299 2728 52.

220 2749 375 2822 Repentino
393 2767 428 2806 ea
442 2753 488 2807 lex
505 2751 614 2822 dieitur,
629 2753 703 2823 quia,
718 2767 803 2826 quum
820 2756 900 2825 plebs
924 2755 979 2809 iarn
994 2771 1045 2826 per
1059 2755 1171 2826 longius
1189 2759 1298 2825 tempus

220 2836 337 2891 caritate
360 2851 488 2893 annonae
509 2843 684 2911 premeretur
703 2839 829 2910 patribus
852 2855 934 2910 opem
955 2855 1011 2894 non
1035 2841 1204 2907 terentibus,
1230 2855 1293 2894 eon·

220 2923 315 2989 sulas,
338 2938 373 2976 ne
391 2922 492 2978 seditio
509 2923 643 2992 oriretur,
663 2929 776 2997 praeter
791 2925 1012 2998 expectationem
1032 2927 1095 2997 lege
1116 2926 1173 2980 lata
1188 2924 1297 2980 animos

221 3005 422 3062 demulserunt.
447 3037 491 3048 -—
513 3008 573 3066 Iste
595 3009 623 3064 in
644 3011 807 3067 universum
827 3009 973 3082 designat,
998 3010 1074 3080 quod
1090 3009 1127 3065 ad
1143 3008 1296 3066 secundam

219 3107 368 3162 personam
389 3095 508 3166 pertinet
529 3097 572 3164 (v.
589 3095 711 3150 Gramm.
732 3097 780 3150 lat.
800 3099 887 3150 nostr.
908 3099 934 3160 5.
950 3099 1010 3163 tat,
1024 3099 1050 3154 5.
1074 3112 1102 3166 p·
1126 3099 1179 3154 299
1202 3095 1295 3164 sqq.);

218 3192 307 3247 quare
328 3178 356 3233 h.
378 3180 397 3233 l.
420 3186 477 3236 est:
499 3181 546 3234 vel
567 3180 596 3233 in
620 3184 745 3234 vestrum
766 3179 944 3234 commodum
960 3181 1030 3247 lata,
1054 3179 1189 3235 velandis
1202 3184 1295 3250 prata

219 3262 277 3316 llne
289 3264 481 3332 verisimilius,
498 3264 565 3334 quia
576 3264 674 3318 Macer
686 3265 778 3334 legem
790 3263 866 3335 apud
877 3267 989 3336 plebem
999 3265 1028 3319 in
1040 3263 1176 3320 invidiam
1191 3278 1296 3321 vocare

219 3347 321 3402 studet.
345 3377 381 3388 -
409 3348 507 3404 Mania
528 3346 668 3420 capienda
684 3353 748 3404 sunt
764 3347 799 3402 de
816 3349 964 3422 stipendiis
980 3355 1006 3404 et
1025 3350 1138 3404 militiae
1153 3349 1295 3404 laboribus

217 3432 292 3503 plebi
307 3449 358 3502 pro
372 3433 496 3503 potentia
517 3432 668 3487 nobilitatis
685 3433 848 3488 subeundis.
870 3465 913 3473 -
933 3433 1029 3501 Ωιιὲπίε
1043 3434 1148 3490 modas.
1181 3432 1295 3490 Scilicet

218 3518 281 3589 lege
301 3517 481 3572 frumentaria
502 3517 592 3573 cuivis
614 3516 669 3572 civi
690 3519 901 3590 permittebatur
921 3519 950 3574 in
965 3520 1092 3592 singulos
1107 3533 1221 3574 menses
1236 3519 1295 3590 qui·

218 3615 269 3656 nos
282 3600 362 3656 trilici
376 3601 487 3657 modios
502 3600 552 3655 vili
566 3601 656 3672 pretio
671 3619 782 3674 emere;
799 3621 828 3660 v.
844 3604 881 3659 ad
896 3603 940 3660 Fr.
959 3605 979 3670 Ι,
997 3609 1040 3675 45,
1056 3609 1098 3663 11.
1130 3605 1183 3659 Pro
1199 3603 1294 3658 modio

218 3690 309 3741 autem
325 3701 410 3740 senos
426 3701 506 3741 asses
522 3703 586 3742 eum
601 3688 700 3744 triente
715 3689 875 3757 solvebant,
897 3693 967 3744 teste
984 3689 1079 3746 Schol.
1096 3689 1166 3744 Bab.
1182 3688 1219 3744 ad
1235 3687 1293 3743 Cic.

216 3787 247 3843 p·
264 3769 337 3826 Sest·
359 3786 386 3841 p-
403 3774 464 3832 3⁰⁰·
486 3777 514 3825 et
531 3776 592 3831 333.
625 3773 710 3830 Orell.
731 3773 872 3830 Universa
888 3774 976 3829 Macri
997 3774 1137 3829 sententia
1155 3773 1201 3828 hic
1223 3780 1249 3822 et
1263 3774 1291 3822 in

217 3855 398 3927 sequentibus
424 3855 558 3926 ostendit,
586 3865 681 3929 patres
712 3875 746 3913 eo
771 3859 890 3914 consilio
918 3858 993 3928 plebi
1018 3858 1103 3914 vilius
1126 3859 1291 3908 trumentum

215 3941 392 4012 praebuisse,
407 3947 436 3996 ut
450 3940 504 3998 hoe
518 3943 654 3999 beneficio
669 3944 802 4000 libertatis
818 3943 911 4000 studia
928 3943 1125 3999 omitteret.-
1138 3937 1195 4005 Quat
1206 3953 1291 4008 quum

216 4025 353 4080 reseratur
367 4026 404 4082 ad
420 4028 525 4098 moritis,
540 4045 644 4084 sensus
659 4033 718 4084 est:
742 4027 818 4098 quini
829 4028 874 4082 isti
892 4027 980 4082 modii
996 4042 1052 4080 non
1068 4024 1161 4080 minus
1178 4029 1290 4078 tenuem

216 4110 299 4168 vobis
314 4110 416 4167 victum
435 4115 578 4184 praebent,
596 4129 679 4184 quam
694 4113 785 4167 servis
803 4113 933 4168 alimenta
949 4111 1094 4167 carceris·

301 4201 328 4250 et
343 4197 479 4270 ipsaniam
502 4198 632 4269 cuiusque
652 4198 808 4252 teracissimis
829 4212 879 4268 spe
899 4196 1071 4269 frustratur)
1090 4191 1158 4250 eod.
1180 4190 1243 4247 Vat.
1265 4196 1289 4250 l.

216 4286 244 4336 et
255 4282 347 4354 mmm
361 4285 493 4356 quiusqrae
506 4283 678 4338 oenuusmras
692 4296 749 4355 per
766 4282 940 4354 frustratur?
959 4307 1002 4320 --
1024 4281 1087 4337 Vat.
1110 4287 1137 4338 2.
1154 4285 1181 4370 ei
1199 4277 1293 4352 mnam
