3096 4962
209 375 275 437 'Vm
515 377 680 436 EDITORIS
702 379 878 439 EPISTOLA
901 378 1044 440 celares

211 566 351 639 Douzae,
367 546 582 636 Dardaneis,
612 562 653 624 ad
679 563 711 625 C.
735 562 872 626 Sallustii
894 561 993 642 crispi
1018 549 1223 628 Historiarum
1245 551 1341 630 libros

212 667 324 728 Notae:
353 682 424 726 cum
447 667 602 727 luculenta
620 667 875 744 Fragmentorum
897 667 1015 744 aliquot
1035 669 1218 731 accessione
1240 669 1344 732 hacte-

213 785 274 832 nus
308 785 372 830 non
399 766 562 830 editorum.
607 769 939 848 Antwerpiae‚1580.
983 772 1091 833 Dousa
1122 778 1224 833 autem
1250 787 1345 848 quum

213 869 372 934 Danielem
394 869 488 931 sciret
511 870 552 930 ad
575 870 717 934 Servium
740 873 895 934 edendum
918 889 1062 950 magnum
1084 877 1266 950 apparatum
1289 871 1344 935 cri-

213 973 309 1036 ticum
332 971 392 1034 sibl
412 989 628 1049 comparasse,
652 991 692 1035 ex
714 991 752 1037 eo
776 974 843 1036 illas
870 974 1076 1040 Historiarum
1100 975 1267 1056 particulas
1293 970 1346 1038 de·

215 1085 355 1154 sumptas
385 1079 513 1152 putans,
536 1083 664 1137 vetustas
686 1079 720 1138 P.
742 1075 880 1138 Danielis
906 1081 1033 1142 soleam
1054 1079 1217 1141 Servtonas
1242 1079 1346 1155 appel·

214 1178 303 1252 lavit,
333 1195 395 1254 quo
425 1178 539 1238 lactum
566 1185 627 1252 est,
657 1186 692 1240 ut
713 1195 771 1256 per
791 1193 900 1240 omnes
926 1179 992 1240 lere
1025 1180 1161 1242 Sallustii
1183 1180 1346 1254 editiones,

216 1297 296 1358 quae
320 1279 445 1358 quidem
472 1281 658 1358 Fragmenta
683 1279 845 1355 exhibant,
882 1281 962 1342 salsa
989 1281 1097 1344 notitia
1119 1289 1348 1364 propagaretur

214 1383 245 1444 in
265 1390 390 1445 vetusto
414 1383 513 1446 Servii
534 1384 643 1448 codice
664 1385 714 1446 illa
734 1384 919 1459 Fragmenta
945 1383 1071 1448 inventa
1099 1385 1207 1448 fuisse.
1251 1383 1346 1448 Aliud

213 1488 317 1564 paullo
346 1485 468 1563 plenius
499 1505 539 1550 ex
566 1487 738 1564 archetypo
762 1484 954 1562 descriptum
976 1491 1153 1567 exemplum
1176 1488 1283 1550 habuit
1303 1491 1348 1550 la-

214 1588 312 1652 cobus
335 1589 531 1665 Augustinus
560 1591 600 1651 de
624 1589 843 1664 ChevaneS,
868 1588 1108 1654 iurisconsultus
1137 1589 1346 1663 Divionensis,

213 1709 253 1754 ex
284 1691 372 1754 culus
395 1690 582 1754 bibliotheca
602 1689 633 1750 id
655 1689 686 1751 in
709 1689 846 1752 notitiam
874 1691 959 1752 venit
982 1691 1108 1770 losephl
1128 1694 1168 1754 dc
1189 1692 1349 1754 Bimard

214 1798 244 1855 la
271 1793 387 1858 Bastia.
433 1794 490 1873 Qui
518 1811 613 1872 quum
642 1793 800 1870 ignoraret
831 1799 896 1854 tres
922 1793 988 1855 eius
1008 1795 1178 1872 particulas
1206 1795 1268 1856 iam
1295 1795 1349 1856 da-

213 1899 287 1960 dum
312 1917 331 1962 a
352 1899 459 1960 Dousa
487 1898 649 1972 evulgatas
683 1911 755 1956 esse
785 1902 816 1956 et
842 1911 900 1972 pro
924 1895 1118 1961 Sallustianis
1142 1897 1278 1975 agnitas,
1317 1895 1347 1958 in

214 2001 373 2064 mirificam
395 1997 574 2081 opinionem
602 1996 709 2060 incidit
735 1999 791 2060 has
818 2015 890 2060 esse
910 1997 1056 2076 reliquias
1083 2000 1275 2063 monumenti
1295 2017 1348 2062 an·

212 2103 302 2182 tiqui,
328 2104 395 2167 sive
417 2101 573 2164 annalium
587 2100 793 2162 maximorum
816 2099 883 2162 sive
902 2100 1051 2164 librorum
1071 2104 1244 2179 linteorum,
1266 2121 1349 2166 com·

213 2207 427 2284 mentarioque
449 2205 617 2268 illustratas
646 2203 729 2266 misit
749 2202 937 2277 Muratorio,
961 2204 1014 2282 qui
1038 2223 1092 2270 eas
1115 2209 1275 2270 Thesauro
1302 2209 1349 2268 ln·

214 2309 433 2388 scriptionum,
459 2308 586 2371 Mediol.
616 2307 707 2368 1739.
734 2307 856 2369 Tomi.
884 2309 946 2384 p.l
966 2325 1052 2388 sqq,
1080 2310 1219 2375 inscruit.
1263 2305 1349 2373 Idem

213 2419 325 2492 postea
345 2411 418 2472 ibid.
449 2411 536 2472 Tom.
562 2411 599 2471 ll.
627 2426 658 2486 p.
691 2409 705 2470 l
738 2427 810 2486 sqq.
845 2426 911 2470 rem
934 2410 976 2471 ita
1001 2413 1193 2488 retractavit,
1215 2407 1349 2476 utDou'-

213 2531 268 2576 sae
296 2513 442 2576 iudicium
471 2512 618 2574 Sallustio
639 2513 824 2588 Fragmenta
851 2511 1029 2590 tribuentis,
1061 2516 1100 2576 de
1130 2535 1193 2594 quo
1225 2516 1348 2578 interim

214 2624 425 2696 compererat,
454 2611 633 2676 vanissimis
665 2616 705 2676 de
733 2614 855 2677 caussis
880 2614 1084 2692 improbaret,
1114 2619 1350 2698 sententiaeque

214 2737 291 2782 suae
315 2719 386 2781 olim
414 2716 596 2796 propositae
626 2733 741 2778 novum
765 2725 981 2794 argumentum
1007 2720 1068 2782 hoo
1092 2721 1233 2798 haberet,
1265 2723 1350 2800 quod

214 2824 316 2885 codex
337 2821 463 2898 quidam
485 2822 657 2894 Puteanus,
692 2803 745 2895 qui
772 2827 884 2896 postea
912 2820 943 2882 in
969 2808 1156 2887 bibliotheca
1183 2823 1239 2887 luit
1271 2843 1350 2904 pro-

215 2923 366 2988 curatoris
390 2921 466 3000 regii
487 2924 555 3001 loly
578 2923 617 2983 de
636 2919 750 3000 Fleury
767 2921 966 3002 parisiensis,
990 2925 1073 2990 eliud
1093 2926 1349 3006 Fragmentorum

214 3027 429 3106 apographum
450 3025 542 3089 simul
557 3039 628 3086 oum
648 3025 788 3102 plurimis
809 3027 1064 3106 inscriptionibus
1076 3031 1197 3093 Rornae
1210 3031 1349 3092 collectis

215 3131 400 3206 contineret,
438 3147 510 3208 quo·
530 3128 647 3192 scilieet
671 3127 732 3188 hoo
763 3137 872 3205 petere
896 3131 1032 3207 putavit,
1059 3117 1150 3193 etiam
1181 3133 1240 3194 illis
1266 3133 1349 3221 loliis

214 3231 435 3312 antiquissimis
464 3249 528 3295 non
560 3232 658 3292 verba
693 3230 822 3292 alieuius
848 3230 1024 3308 scriptoris,
1061 3233 1119 3294 sed
1151 3233 1202 3294 vel
1230 3233 1349 3298 titulum

214 3338 349 3414 aliquem
359 3336 409 3396 vel
421 3331 576 3394 annalium
587 3329 792 3394 maximorum
814 3333 996 3412 particulam
1019 3333 1116 3398 luisse
1133 3323 1348 3416 perscriptam.

214 3441 262 3502 En
289 3433 458 3500 Muratorio
490 3439 593 3495 autem
615 3434 692 3495 haec
717 3422 901 3509 Fragmenta
928 3435 1015 3514 petiit
1043 3443 1074 3500 at
1101 3439 1289 3504 Debrossius
1319 3451 1350 3505 et

217 3541 396 3604 Gerlachius
423 3536 456 3600 in
479 3536 529 3598 ed.
559 3535 646 3608 mai,
674 3542 807 3612 uterque
834 3535 902 3598 sine
925 3537 1039 3600 iudicio
1063 3546 1094 3601 et
1121 3559 1232 3620 magna
1254 3546 1348 3623 negli-

197 3643 320 3722 gentia
351 3641 382 3704 in
414 3640 451 3702 iis
478 3636 648 3700 tractandis
678 3643 832 3702 versatus.
881 3642 1012 3703 Tantum
1041 3642 1081 3704 de
1103 3648 1292 3726 apographis
1318 3648 1348 3709 in

217 3745 313 3808 Gallia
341 3742 441 3805 laetis.
484 3740 569 3802 Folia
594 3739 720 3817 anhqua
747 3740 817 3818 ipsa
846 3749 920 3818 post
951 3744 1032 3804 Petri
1056 3745 1190 3809 Danielis
1218 3755 1349 3810 mortem

217 3865 287 3911 eum
309 3847 376 3910 aliis
397 3845 464 3908 eius
481 3843 565 3906 libris
586 3851 678 3904 manu
695 3843 819 3922 scriptis
835 3853 1047 3922 pervenerunt
1063 3847 1094 3906 in
1112 3849 1350 3926 possessionem

217 3949 360 4028 Dionysii
381 3945 512 4021 Patavii,
540 3946 592 4022 qui
610 3950 724 4025 postea
744 3948 803 4008 hos
822 3947 948 4010 codices
969 3947 1153 4024 christinae,
1177 3949 1350 4014 Succorum

216 4051 357 4130 reginae,
387 4047 536 4111 vendidit.
581 4049 626 4112 lte
659 4065 699 4112 ex
728 4050 825 4112 Gallia
852 4050 1005 4114 Holmlam
1027 4051 1129 4113 delata
1157 4052 1230 4114 tolie
1251 4053 1350 4116 ‘Sallu-

218 4152 317 4216 stiana
345 4153 422 4216 vidit
445 4151 487 4213 ibi
516 4151 547 4213 in
576 4150 702 4229 reginae
733 4151 921 4216 bibliotheca
955 4156 1081 4216 lsaaeus
1107 4141 1243 4216 Vossius
1261 4171 1348 4216 ¹anno

220 4253 315 4330 1651,
347 4263 382 4317 ut
409 4261 532 4317 constat
559 4269 598 4316 ex
622 4256 755 4331 quadam
779 4255 845 4317 eius
875 4255 1007 4333 epistola
1035 4273 1063 4317 a.
1089 4257 1119 4316 d.
1149 4252 1202 4316 lV1.
1226 4258 1277 4317 1(1·.·
1294 4258 1348 4317 lul.

218 4358 358 4423 eiusdem
379 4357 459 4443 ‘anui
487 4357 527 4420 ad
552 4357 616 4421 llic.
642 4357 802 4431 Heinsium
836 4360 927 4433 data;
964 4373 995 4420 v.
1026 4357 1195 4422 Burmanni
1228 4358 1346 4442 Syllog.
