3062 4958
456 377 705 436 HlSTOlllAlthl
727 377 961 436 FRAGMENTA.
1006 380 1073 437 LIB.
1094 381 1142 436 IV.
1270 370 1333 437 311

352 570 402 637 17.
446 564 550 658 Equis
571 565 664 656 paria
689 564 892 658 operimenta
911 570 1020 651 eraut,
1038 589 1124 660 quac
1144 566 1245 636 lintea
1262 565 1333 634 ler—

251 692 316 762 reis
337 689 466 762 laminis
488 690 519 759 in
547 691 681 760 modum
707 692 838 783 plumae
858 697 1101 764 annexuerant

354 822 405 887 18.
451 815 552 908 Apud
579 815 775 890 Gorduenos
796 841 961 890 amomum
991 821 1024 888 ct
1049 817 1103 890 alii
1126 817 1220 890 leves
1245 816 1332 888 odo-

251 963 306 1014 res
328 941 523 1036 gignuntur.

251 1151 353 1204 lectam
369 1148 456 1203 luisse
468 1148 635 1219 planissime
650 1155 728 1220 patet
744 1167 780 1204 ox
796 1149 912 1217 Servio,
924 1150 972 1221 qui
989 1148 1026 1206 ad
1037 1147 1198 1221 virgnoo.
1213 1148 1261 1216 xl,
1272 1149 1332 1208 770.

252 1232 467 1306 ‚,Cataphracti‚
489 1233 591 1305 inquit,
608 1235 717 1305 equites
735 1235 879 1302 dicuntur,
901 1235 948 1306 qui
968 1235 1022 1306 ipsi
1045 1235 1120 1288 terro
1140 1234 1237 1290 muniti
1259 1238 1332 1300 sunt,

252 1323 279 1372 et
294 1334 381 1390 equos
398 1318 524 1374 similiter
541 1321 664 1376 munitos
683 1319 802 1388 habent,
824 1319 859 1374 dc
881 1321 981 1390 quibus
1003 1318 1157 1376 Salustius:
1174 1318 1261 1390 Epar's
1278 1335 1333 1390 po-

252 1404 316 1459 ria“
333 1408 386 1458 etc.
412 1402 459 1458 Ad
474 1403 528 1458 hoc
550 1420 586 1460 ex
607 1405 677 1476 ipsis
694 1405 810 1461 vocibus
828 1407 904 1476 cquis
925 1406 1013 1476 pari
1018 1422 1036 1460 a
1056 1404 1226 1476 operimenta
1242 1404 1333 1458 clueat

253 1495 334 1544 antea
349 1487 385 1543 de
402 1490 525 1544 marum
540 1497 648 1552 armatu
664 1489 768 1546 dictum
781 1491 878 1546 luisse.
906 1489 998 1558 Quare
1013 1489 1041 1544 in
1055 1495 1187 1561 promptu
1204 1493 1247 1544 est
1260 1486 1332 1544 haec

252 1577 339 1630 verba
353 1573 511 1644 proximum
527 1572 618 1630 locum
634 1583 699 1646 post
708 1576 905 1648 Fragmentum
924 1575 1054 1646 superius
1070 1589 1238 1645 occupasse.
1255 1572 1334 1627 Vidit

252 1658 282 1713 id
298 1659 381 1714 etiarn
396 1658 580 1729 DebrossiuS‚
596 1660 648 1716 sed
658 1677 808 1734 perperam
821 1661 874 1716 has
889 1661 1042 1731 particulas
1053 1659 1081 1714 in
1092 1673 1178 1717 unum
1191 1655 1332 1726 conflavit,

96 1785 98 1789 -
170 1813 173 1819 Ι
251 1745 296 1799 cui
310 1743 352 1798 rei
366 1743 529 1816 imperfecta
544 1745 634 1800 forma
648 1746 832 1818 grammatica
844 1745 947 1816 prioris
961 1744 1121 1816 Fragrncnti
1137 1745 1237 1802 obstat.
1267 1741 1333 1797 Ger-

253 1825 362 1885 lachius
377 1845 463 1899 vero,
485 1830 532 1900 qui
554 1830 619 1885 Vol.
635 1831 681 1886 lli.
698 1847 727 1902 p.
749 1830 873 1889 1001οα
897 1829 1051 1896 1101013,οα
1073 1829 1201 1886 currilrtrs
1219 1827 1333 1900 falcatis

253 1915 298 1986 agi
314 1914 458 1985 opinatur,
477 1915 506 1972 ln
521 1914 566 1971 ed.
583 1917 650 1971 min.
667 1933 735 1972 vero
751 1931 786 1970 ea
803 1917 920 1971 multum
934 1915 1006 1972 aFr.
1023 1918 1064 1974 16.
1080 1915 1215 1981 removit,
1231 1919 1333 1985 etpost

252 2006 449 2055 anacoeneraat
464 1999 567 2055 adiecit
588 2006 614 2054 et
633 2001 816 2074 sequebantur
837 2003 941 2072 cpaitcr
959 1991 1147 2072 cataphracti,
1164 1998 1214 2068 (de
1231 1999 1332 2070 quibus

252 2101 282 2138 v.
298 2084 336 2140 ad
350 2083 395 2139 Fr.
412 2089 463 2152 rc,
483 2085 573 2153 init),
592 2087 712 2157 ineptias
728 2085 882 2142 cumulavit
895 2100 983 2156 supra
997 2101 1081 2156 quam
1096 2085 1226 2155 cuiquam
1242 2082 1332 2140 credi·

252 2170 306 2224 bile
323 2175 373 2225 est.
402 2167 507 2225 Tantus
523 2171 597 2225 enim
614 2171 666 2225 viri
684 2177 795 2242 stupor,
814 2176 915 2224 utnon
930 2167 1033 2226 viderit
1048 2171 1137 2224 verba
1152 2169 1228 2240 αηαίο
1243 2170 1332 2238 paria

252 2257 421 2328 openheim
445 2259 527 2310 crant
546 2255 621 2310 hunc
643 2271 758 2310 sensum
780 2253 900 2310 habere:
924 2254 1020 2325 equis,
1042 2253 1138 2326 panus
1158 2253 1334 2325 cataphracti

250 2339 410 2408 utebantur,
431 2341 512 2410 paria
534 2342 707 2411 operimenta
727 2345 757 2394 nt
776 2339 908 2410 equilibris
926 2339 993 2410 ipsis
1014 2344 1101 2394 erant.
1139 2338 1246 2406 Quibus
1269 2337 1331 2408 quis

252 2441 322 2480 sana
333 2430 426 2480 mente
437 2425 588 2481 subiecerit
601 2430 628 2480 ct
640 2425 823 2498 sequebantur
838 2426 940 2496 equites
954 2423 1147 2496 cataphracti?
1161 2421 1256 2481 -Ad
1269 2409 1349 2478 ver-¹

251 2513 350 2566 borum
364 2515 529 2566 structuram
544 2509 620 2583 quod
640 2512 735 2566 attinet
757 2510 908 2566 insolenter
927 2515 955 2564 et
977 2510 1098 2565 fortasse
1120 2509 1181 2564 sine
1202 2509 1331 2578 exemplo

253 2595 356 2652 dictum
372 2601 415 2651 est
431 2598 600 2668 operimenta
621 2602 768 2654 annectere
788 2591 897 2652 lomims
916 2610 968 2666 pro
989 2595 1163 2668 operimentis
1184 2598 1332 2650 annectere

250 2682 380 2747 laminas,
402 2681 430 2736 in
451 2698 507 2753 quo
523 2681 673 2738 Sallustius
695 2683 856 2752 analogiam
880 2682 1029 2736 verborum
1049 2681 1147 2748 induo,
1168 2695 1255 2748 cano,
1277 2680 1332 2734 ctr-

252 2767 363 2834 cmndo‚
378 2780 498 2838 asperpo
513 2774 581 2834 eta,
603 2766 638 2820 de
656 2766 802 2838 quibus-v.
819 2766 941 2822 Gramm.
957 2765 1004 2820 lat.
1025 2772 1115 2822 nostr.
1130 2769 1154 2830 s.
1169 2767 1235 2837 107,
1249 2767 1276 2822 a.
1294 2762 1329 2818 A.

252 2855 348 2905 annot.
361 2855 386 2908 0.
403 2846 430 2905 0.
446 2867 473 2921 p.
488 2854 566 2919 348„
583 2857 696 2906 secutus
716 2849 837 2905 videtur.
851 2878 894 2890 -
912 2847 1013 2906 Pluma
1024 2850 1071 2906 hic
1092 2853 1188 2922 aperte
1209 2849 1331 2906 collecti-

251 2951 317 2988 vum
335 2949 449 2990 sensum
464 2934 562 3004 habet,
577 2934 731 2989 vernacula
748 2935 799 2990 das
816 2934 950 3005 Gefieder.

335 3019 380 3072 Fr.
397 3022 439 3078 18.
456 3017 542 3088 [Cart.
555 3037 583 3090 p.
599 3023 678 3078 1008.
694 3018 767 3073 Gerl.
785 3018 830 3072 ed.
847 3019 914 3073 mai.
928 3018 984 3074 Ino.
1002 3023 1061 3077 lac.
1077 3017 1122 3074 ed.
1137 3019 1205 3076 min.
1221 3018 1268 3084 IV,
1284 3022 1329 3076 81.

251 3122 278 3176 p·
296 3109 366 3171 030,
383 3107 427 3162 17.
445 3105 529 3160 Debr.
544 3105 588 3172 V,
605 3102 661 3179 00]
677 3105 767 3160 Locus
784 3105 845 3159 sine
860 3101 923 3158 libri
937 3103 1041 3158 indicio
1064 3109 1156 3158 exstat
1176 3101 1252 3174 apud
1269 3100 1331 3156 Phi·

251 3192 356 3262 largyr.
374 3188 412 3245 ad
426 3189 506 3262 Virg.
519 3189 621 3262 Georg.
638 3190 692 3257 lV,
707 3193 751 3248 00.
768 3189 906 3246 Cordueni
921 3189 962 3257 (v.
979 3189 1050 3248 Plin.
1065 3186 1099 3242 N.
1120 3188 1153 3242 H.
1171 3187 1224 3254 Vl,
1240 3187 1298 3253 tt.)
1314 3203 1331 3239 a

251 3275 389 3332 Strabone
400 3274 446 3330 XI.
461 3293 490 3348 p.
505 3279 566 3335 800.
584 3277 619 3330 A.
634 3274 736 3330 Almel.
754 3269 932 3351 Γορδυαῖοι,
948 3291 964 3329 a
982 3271 1131 3328 Plutarcho
1147 3274 1175 3328 in
1192 3271 1289 3328 Lucul.
1306 3288 1330 3326 c.

191 3418 193 3422 .
248 3365 294 3422 09.
308 3355 478 3436 Γορδυηνοί
493 3361 573 3429 dicti,
589 3361 764 3429 Garnaencn,
783 3359 936 3441 Armeniae
951 3358 1127 3430 provinciam
1140 3358 1210 3414 inter
1225 3356 1331 3428 Tigrim

251 3453 278 3503 et
293 3445 438 3502 Arsissam
454 3448 544 3504 lacum
566 3447 661 3514 sitam,
677 3445 845 3506 incolebant.
873 3445 929 3500 Eos
951 3444 1020 3500 adiit
1039 3443 1171 3500 Lucullus
1193 3447 1258 3514 post
1280 3459 1331 3512 pu·

250 3547 334 3606 gnam
349 3529 424 3602 apud
436 3531 652 3604 Tigranocerta,
667 3532 783 3603 regique
800 3531 935 3586 Zarbieno
942 3534 1078 3602 ,propter
1093 3528 1215 3586 animuin
1231 3527 1260 3582 in
1276 3526 1332 3582 Ro

249 3631 348 3675 manos
363 3632 483 3713 pronum
495 3633 512 3672 a
526 3617 647 3689 Tigrane
662 3617 821 3686 interiecto,
837 3617 909 3672 iusta
924 3614 1069 3687 persolvit.
1079 3614 1114 3670 cl.
1128 3611 1267 3670 Plutarch.
1279 3613 1298 3668 l.
1311 3612 1330 3666 l.

246 3687 442 3800 Ζαρβιηνδς”
430 3720 446 3759 ο
460 3699 520 3758 τῶν
535 3697 717 3796 Γορδυηνῶν
734 3659 924 3776 βασιλευς,’
902 3714 998 3802 panop
1013 3693 1124 3774 εἴρηιαι
1138 3701 1178 3768 (c.
1196 3698 1266 3766 01η)
1284 3691 1329 3752 δι’

246 3774 371 3844 Ἀππίου
385 3775 678 3866 αρύφαΛουιιοδλλιρ
694 3781 832 3842 διείλεκτο
841 3801 910 3883 περι
902 3771 1144 3860 συμμαχίας,
1112 3802 1168 3857 νην
1181 3769 1330 3876 Τιρρανου

248 3891 283 3930 τυ
303 3867 409 3928 αννίδα
425 3860 639 3966 βαρυνόμενος·
658 3843 849 3968 μηνυθεὶςο’
866 3858 1043 3971 ἀπεσφάγη,
1056 3887 1107 3925 και
1096 3862 1224 3935 παῖδες
1238 3851 1331 3922 αυτοῦ

249 3891 302 4014 ηαδ
303 3944 398 4052 γυνὴ
413 3945 641 4054 ουναπιολονιο,
662 3941 785 4058 πρλνῆ
788 3943 960 4052 Ρωμαίαυς
961 3951 1001 4023 εἰς
1013 3944 1169 4052 Ἀρμενίαν
1184 3945 1329 4048 ἐμβαλεῖν.

249 4030 371 4140 Τρύταν
387 4026 665 4138 οδκῇμνημόνηαεν
684 4059 700 4098 ο
716 4029 923 4110 Λούκουλλος,
944 4026 1036 4098 ἀλλὰ
1058 4037 1258 4115 παρελοοιν
1278 4029 1331 4103 ele

248 4114 312 4202 τὴν
337 4123 565 4204 Γορδυηνῶν
586 4112 683 4200 ταφὰς
708 4115 856 4230 προβθετο
877 4125 930 4183 τοῦ
948 4122 1132 4223 Ζαρβιηνοῦ,
1159 4115 1209 4180 κοιλ
1229 4135 1331 4196 παραυ

250 4205 354 4306 ἐσθῆτι
368 4207 419 4270 καλ
429 4211 549 4310 χρασηί
559 4210 703 4310 βασιλικῷ
721 4206 772 4268 καὶ
791 4212 853 4284 τοῖς
869 4197 928 4270 δπδ
945 4200 1096 4290 Τηρανου
1113 4197 1262 4284 νοομησας
1276 4204 1327 4262 λα·

249 4285 354 4374 φόροις
368 4284 456 4369 αὐτὸς
469 4286 574 4378 napata
589 4284 710 4373 rippas,
726 4316 754 4354 a
770 4316 795 4356 τ.
815 4300 839 4358 λ.
864 4299 940 4356 llaec
962 4300 1046 4374 igitur
1064 4295 1171 4355 Luculli
1186 4292 1330 4368 expeditio
