3096 4962
468 415 518 470 llll
540 411 735 471 ERNESTUM
759 409 1082 470 WUESTEMANNUM.
1294 421 1342 470 xv

209 597 330 658 aschr.
353 615 399 672 n.,
428 599 536 660 editas.
584 588 645 658 'Rei
666 613 723 674 per
745 613 863 658 senon
887 593 1055 656 admodum
1075 591 1211 654 incertae
1232 593 1340 656 Linlre·

209 717 262 761 rus
287 701 326 760 de
344 701 477 764 Historr.
520 701 684 764 Prooemlo
712 697 817 776 p..82.
846 697 922 760 satis
946 695 1100 772 sagaciter
1127 701 1341 774 argumentum

210 801 301 863 etiam
323 803 382 864 boc
404 821 476 867 esse
495 803 634 880 suspicet
635 821 686 877 ur,
710 803 795 879 quod
808 798 972 862 Sallustius
992 799 1034 858 M
1048 799 1217 861 Antonium
1237 800 1328 862 tritum

209 904 267 964 viri
295 911 414 979 patrem
441 911 534 970 valde
567 905 774 983 ignominiose
801 904 922 966 notavit
949 902 1011 976 (.Fr
1038 903 1093 976 ΙΙΙ,
1122 901 1197 978 65.).
1251 905 1340 981 Quod

211 1025 305 1084 quum
330 1007 393 1069 Ant
380 1009 466 1070 tonio
492 1008 653 1072 triumviro
686 1008 716 1068 in
742 1007 820 1068 urbe
850 1019 1002 1068 summam
1025 1003 1087 1064 vim
1109 1005 1268 1068 obtinente
1287 1009 1348 1069 vix

179 1121 182 1127 ’
209 1101 334 1186 impune
354 1109 421 1171 lieri
442 1111 613 1188 potuisset,
635 1112 727 1172 valde
749 1110 910 1188 probabile
931 1113 981 1169 cst
1002 1107 1179 1169 Sallustium
1209 1111 1287 1172 bace
1310 1117 1341 1172 ct

207 1211 280 1272 talia
306 1211 488 1290 scripsisse,
525 1229 620 1290 quum
647 1211 696 1274 illc
717 1214 784 1298 ¹iam
811 1231 846 1276 se
873 1212 916 1273 ita
941 1211 972 1272 in
999 1209 1123 1272 Oriente
1144 1221 1282 1290 gereret,
1307 1222 1342 1276 ut

207 1313 339 1374 Romam
367 1333 430 1377 non
459 1313 615 1381 rediturus
645 1315 810 1378 videretur.
867 1317 935 1376 Non
960 1313 1034 1375 abiit
1060 1321 1163 1376 autem
1190 1333 1230 1376 cx
1256 1315 1340 1377 ltalia

209 1423 281 1476 ante
304 1431 419 1480 annum
439 1418 490 1479 39.
515 1433 543 1479 ε.
566 1420 633 1480 Chr.
657 1435 703 1492 n.;
730 1435 827 1495 quare
856 1419 905 1477 vel
933 1417 993 1477 hoc
1022 1419 1072 1478 vel
1095 1417 1238 1494 proximo
1259 1435 1339 1480 anno

209 1517 375 1579 Sallustius
398 1535 478 1596 opus
502 1520 723 1596 composuerit.
758 1521 803 1580 De
823 1537 886 1597 quo
906 1518 1061 1580 scribendi
1083 1525 1223 1596 tempore
1246 1536 1339 1597 quum

209 1619 263 1680 vix
285 1621 417 1683 dubitari
438 1623 554 1699 possit,
578 1640 618 1684 ex
638 1640 677 1684 eo
700 1627 786 1699 patet
804 1621 910 1696 etiam,
937 1623 1048 1683 falsum
1072 1637 1161 1696 esse,
1185 1623 1270 1699 quod
1290 1641 1341 1683 ne·

207 1724 274 1785 scio
304 1743 366 1801 quo
397 1731 525 1788 auctore
556 1727 712 1803 vulgatum
736 1722 828 1785 etlam
851 1739 870 1784 a
890 1724 1022 1788 Baebrio
1044 1724 1075 1786 in
1096 1725 1212 1786 Histor.
1236 1725 1339 1788 Litter.

207 1827 297 1888 Rom.
320 1828 391 1890 Vol.
413 1831 449 1890 ΙΙ.
470 1845 501 1906 p.
517 1830 576 1890 llll.
599 1831 663 1905 (ed.
677 1829 741 1904 ΙΙΙ.)
760 1827 924 1904 repetitum
947 1833 1007 1910 est,
1027 1828 1165 1902 Lucullo,
1187 1828 1264 1906 eius,
1288 1830 1340 1907 qui

155 1981 157 1985 ε
207 1929 412 2006 Mithridatem
434 1931 522 2008 vicit,
552 1933 630 2009 lilio,
662 1933 824 2008 dedicatas,
843 1932 981 1995 balasco
1008 1929 1155 1994 Sallustio
1176 1933 1339 1996 Historias.

206 2032 300 2093 Periit
320 2034 401 2094 enim
419 2033 469 2095 ille
485 2035 619 2096 testibus
639 2035 758 2098 Velleio
781 2038 816 2111 ll,
838 2036 887 2110 ll,
911 2033 940 2094 2.
964 2041 996 2096 et
1011 2036 1116 2096 Valcr.
1138 2035 1220 2097 Max.
1239 2037 1291 2111 lV,
1310 2039 1340 2110 7,

208 2137 258 2196 tu
281 2135 472 2214 Philippensi
498 2137 634 2219 proelio,
663 2155 745 2201 anno
770 2137 822 2200 42.
850 2156 878 2199 a.
904 2139 972 2199 Chr.
1000 2155 1030 2198 n.
1059 2136 1244 2213 commisso,
1277 2153 1339 2213 quo

208 2237 373 2302 Sallustius
394 2241 434 2324 de
459 2238 604 2326 Historiis
627 2241 800 2303 scribendis
821 2241 959 2302 nondum
981 2239 1137 2315 cogitavit.

247 2371 257 2380 ..
293 2343 410 2420 Quibus
436 2342 557 2406 caussis
580 2350 689 2405 auctor
712 2346 753 2405 ad
770 2343 923 2406 Historias
948 2343 1183 2419 componendas
1206 2341 1339 2406 animum

208 2445 375 2522 appulerit,
398 2447 425 2509 si
448 2453 628 2524 quaeratur,
651 2448 906 2524 respondendum
923 2453 985 2522 cst,
1008 2463 1071 2510 non
1091 2444 1168 2508 alias
1182 2445 1340 2525 habuisse,

209 2567 300 2626 quam
329 2550 444 2628 quibus
473 2559 660 2613 commotus
675 2534 808 2624 'luia-'ul
831 2549 988 2612 Catilinam
1010 2555 1042 2611 et
1062 2551 1240 2628 Iugurtham
1268 2553 1339 2613 ede·

207 2659 264 2714 ret.
308 2655 385 2716 Nem
412 2671 508 2731 quum
535 2670 656 2718 summo
684 2651 831 2730 flagraret
852 2653 1003 2717 libertatis
1024 2670 1130 2716 amore
1158 2669 1194 2715 ac
1214 2669 1272 2732 per
1290 2659 1338 2716 to-

206 2763 269 2816 tam
288 2755 398 2832 vitam,
421 2773 461 2818 ex
482 2773 546 2834 quo
566 2759 607 2819 ad
623 2756 1018 2834 rempublicam'accessit,
1046 2757 1195 2820 nobilium
1215 2757 1340 2819 lacoon

207 2857 378 2941 paucisque
402 2860 579 2935 potentibus
601 2862 837 2935 adversaretur,
870 2875 907 2920 ac
930 2861 1029 2937 plebis
1058 2877 1216 2936 caussam,
1247 2875 1339 2938 quam

177 2973 182 2979 ·
208 2959 247 3018 'ab
264 2945 327 3018 illis
350 2973 535 3034 oppressam
557 2977 650 3037 aegre
672 2963 804 3036 terebat,
825 2964 982 3026 meliorem
1004 2967 1147 3042 baberet,
1170 2973 1338 3044 postquam

208 3060 525 3150 Cacsare'irrterlccto
545 3063 648 3126 omnia
672 3062 795 3123 misceri
818 3062 1000 3142 imperiique
1021 3069 1164 3145 cupidine
1185 3069 1216 3129 in
1235 3069 1339 3130 inson-

124 3234 130 3238 ,
205 3169 255 3226 tes
270 3163 364 3227 cives
388 3165 503 3226 saeviri
524 3174 669 3244 coeptum
696 3172 760 3240 est,
791 3172 909 3228 tantmn
930 3185 1001 3230 eum
1023 3171 1182 3243 ‚turbamm
1206 3170 1339 3232 civilium

106 3345 109 3350 Ι
207 3266 342 3328 taedium
368 3269 464 3352 cepit,
492 3277 527 3334 ut
545 3271 695 3334 relicuam
716 3276 848 3332 aetatem
873 3275 984 3348 procul
1006 3272 1205 3352 erepublica
1226 3271 1339 3334 haben·

207 3359 278 3430 dam
298 3371 482 3434 decerneret
504 3381 536 3435 ct
563 3376 602 3436 ad
631 3374 727 3438 otium
752 3375 919 3438 litteratum
942 3393 977 3438 se
995 3378 1151 3439 conferret
1158 3395 1167 3452 ;
1194 3379 1233 3438 cl.
1254 3376 1338 3439 Catil.

172 3473 310 3532 cclv.
341 3481 406 3552 lug.
431 3491 457 3536 c.
482 3467 531 3537 ΙΙΙ.
556 3483 587 3539 et
607 3479 659 3540 lV.
712 3481 763 3540 Ad
786 3497 837 3542 res
865 3478 1047 3542 scribendas
1069 3479 1162 3556 igitur
1184 3497 1279 3560 quum
1304 3499 1338 3542 sc
1445 3561 1446 3564 Ἴ

196 3575 369 3651 ΙιΙε’(Ιιεεει,“
382 3585 551 3655 postquem
572 3580 603 3640 in
627 3581 746 3645 ndnore
766 3589 965 3660 argumento,
996 3583 1082 3660 quod
1106 3583 1253 3662 singulari
1274 3591 1338 3645 tan·

206 3685 271 3756 tum
292 3677 359 3742 sive
380 3681 532 3756 facinore,
555 3684 623 3744 sive
647 3687 728 3750 bello
753 3682 924 3761 constaret,
949 3687 1136 3762 elaboravit,
1160 3687 1200 3747 ad
1222 3686 1339 3771 maiora

206 3779 396 3858 progressus
412 3793 476 3859 est,
497 3785 659 3856 universas
680 3791 789 3868 populi
803 3790 934 3856 Romani
952 3808 1003 3852 res
1023 3807 1081 3868 per
1099 3789 1264 3852 duodecim
1286 3784 1337 3852 an·

206 3901 265 3951 nos
292 3885 460 3962 (lite-67)
486 3889 557 3950 belli
587 3891 732 3971 domique
759 3901 870 3968 gestas¹
889 3901 1035 3954 accurata
1062 3893 1239 3955 narratione
1269 3911 1337 3973 per-

183 3996 343 4051 secutus.
389 3993 460 4052 Cur
474 3999 577 4052 autem
605 3995 663 4056 hos
692 3995 890 4073 potissimum
921 4011 1020 4058 annos
1047 3996 1248 4058 illustrandos
1279 3994 1338 4058 sibi

206 4089 392 4168 sumpserit,
413 4105 476 4155 non
497 4103 546 4157 cst
560 4095 684 4158 dllllclle
706 4098 745 4157 ad
765 4097 943 4159 videndum.
987 4099 1076 4160 Nullo
1099 4097 1180 4158 enim
1201 4115 1338 4175 unquam

204 4197 348 4270 tempore
373 4205 450 4272 post
474 4198 716 4274 magnitudinem
738 4199 872 4262 nominis
888 4201 1022 4262 Romani
1046 4199 1222 4276 respublica
1244 4200 1337 4261 maio·
1427 4225 1429 4229 ·

163 4299 165 4302 ‘
204 4295 288 4358 ribus
312 4297 491 4364 domesticis
513 4309 607 4379 atque
628 4303 766 4364 externis
793 4303 945 4364 laboravit
972 4301 1135 4378 periculis,
1164 4309 1209 4364 tot
1225 4302 1336 4393 tantis-

206 4413 267 4476 que
286 4399 424 4478 undiquc
443 4402 538 4463 simul
561 4403 705 4473 hostibus
726 4397 959 4484 ingruentibus
987 4410 1022 4470 ut
1043 4403 1204 4480 imperium
1226 4405 1339 4464 Roma·
