3102 4956
505 393 754 454 HISTORlAllUM
774 393 1010 452 FRAGMENTA.
1052 392 1118 450 LlB.
1139 393 1172 450 11.
1300 389 1365 456 '1OE

382 583 432 653 71.
471 580 560 654 Suos
584 580 715 675 equites
734 579 884 652 immutes
901 581 990 652 rade
1009 579 1198 652 transmisit.
1259 580 1261 584 ’

384 712 433 778 72.
476 707 546 778 istu
560 729 692 794 menni,
707 705 762 800 qui
781 705 814 776 iu
832 707 966 778 densim
980 709 1136 794 ruebant,
1155 707 1365 777 nembantur.

383 837 433 904 73.
475 834 589 928 Neque
622 831 755 904 inermis
795 855 838 904 ex
871 833 999 926 proelio
1037 833 1129 907 vires
1170 839 1367 932 qumquam

279 958 490 1050 agnoturum.

282 1164 353 1220 thesi
368 1163 463 1236 posite
482 1167 546 1220 sunt
562 1165 665 1232 verbe,
684 1165 806 1222 attributi
823 1166 853 1222 vi
869 1162 1021 1220 reserenda
1041 1168 1107 1220 sunt
1126 1165 1163 1224 ed
1176 1165 1308 1239 deum
1325 1185 1367 1226 se.

283 1265 368 1305 manu
377 1289 384 1316 ‚
393 1263 428 1304 ao
444 1250 527 1306 simul
545 1265 678 1308 caussam
692 1251 849 1320 continent,
865 1265 915 1308 our
929 1249 1114 1306 circumventi
1130 1253 1253 1310 senisse
1267 1252 1368 1310 delen·

285 1335 388 1390 derint.
411 1363 453 1373 —-
475 1331 602 1390 Ceterum
626 1349 698 1405 quae
719 1337 803 1394 nobis
819 1335 939 1407 aliisque
957 1334 1057 1390 merito
1079 1336 1203 1394 obseura
1223 1338 1364 1408 videntur,

283 1418 450 1490 planissima
468 1423 498 1472 et
518 1417 730 1491 expeditissima
751 1421 863 1478 luerunt
882 1419 1052 1487 Debrossio,
1075 1420 1172 1490 quiin
1193 1421 1264 1479 llist.
1286 1424 1367 1481 uon.

284 1503 349 1559 Vol.
363 1503 384 1561 l.
402 1519 430 1574 p.
446 1506 500 1562 636
515 1519 558 1576 sq.
574 1503 692 1562 mirilico
706 1507 860 1580 sagacitate
879 1509 1027 1561 assecutus
1044 1509 1106 1573 est,
1121 1505 1168 1578 agi
1185 1505 1221 1562 de
1238 1505 1368 1565 Curionis

284 1585 463 1660 expeditione
487 1587 648 1646 Dardanios
668 1593 714 1659 (v.
739 1607 825 1664 supra
842 1591 888 1648 Fr.
909 1590 1075 1658 41.),euius
1095 1605 1152 1646 uns
1172 1591 1262 1663 legio,
1283 1609 1369 1666 quum

284 1673 451 1729 seditionem
467 1674 617 1746 agitasset,
632 1681 659 1730 et
676 1679 756 1748 sequi
774 1677 875 1733 dueern
893 1681 1062 1742 recusasset,
1078 1675 1250 1747 ignominiae
1264 1694 1370 1735 eaussa

280 1760 368 1815 annis
382 1757 523 1830 ademptis
545 1760 574 1816 in
595 1769 749 1832 eonspeetu
763 1761 863 1818 amati
883 1761 1022 1817 exereitus
1042 1765 1195 1818 stramenta
1216 1779 1315 1818 seeare
1335 1779 1370 1820 ee

282 1845 377 1901 iussas
392 1845 485 1902 faeere
499 1847 648 1918 ungeretur
670 1841 716 1922 (v.
731 1847 857 1903 Frontis.
875 1846 1042 1918 Strategem.
1058 1846 1116 1914 lV,
1131 1852 1162 1914 1,
1179 1849 1256 1918 43.);
1272 1863 1368 1920 ¹(ruam

282 1929 465 2002 ignominiam
495 1928 569 1986 adeo
597 1947 681 2004 aegre
709 1949 762 1988 eos
787 1933 902 2000 tulisse,
935 1937 964 1987 ut
977 1946 1059 1988 saxa
1084 1937 1169 2003 esput
1199 1931 1368 2005 alffigereut.

282 2015 391 2085 Quanta
415 2019 475 2070 arte
496 2014 666 2072 usurossins
680 2017 735 2074 hoe
753 2035 791 2074 ex
803 2017 928 2088 Saliustii
943 2015 1040 2072 verbis
1055 2016 1196 2084 elieuerit,
1218 2024 1247 2074 ut
1259 2035 1364 2092 segne·

284 2117 364 2158 sesne
379 2100 491 2174 possint
507 2101 644 2171 leetores,
659 2103 750 2174 ipsam
765 2104 827 2158 eius
842 2100 1097 2174 interpretationem
1109 2117 1258 2174 apponere
1275 2105 1368 2161 iuvet:

283 2188 337 2241 Les
353 2186 543 2259 le'gionnaires
559 2184 715 2242 donndrent
736 2189 778 2244 les
800 2201 933 2259 marques
951 2186 991 2242 du
1010 2186 1076 2258 plus
1090 2185 1183 2258 grand
1209 2187 1368 2262 desespoir.

282 2273 319 2327 lls
336 2269 539 2327 demandarent
551 2266 641 2326 d’etre
657 2273 748 2344 plutdt
761 2272 844 2344 punis
867 2271 903 2328 de
916 2276 1006 2338 mort;
1033 2270 1069 2326 ils
1089 2271 1233 2328 vodsimt
1255 2290 1286 2328 se
1309 2280 1370 2330 teet

283 2356 470 2415 eux-nmmos.
505 2353 681 2414 unumne
703 2358 737 2413 de
754 2361 826 2414 meite
840 2361 913 2429 port
931 2361 958 2413 et
977 2369 1045 2412 sum
1059 2371 1167 2426 mmm,
1188 2357 1223 2413 de
1238 2358 1269 2412 lo
1284 2359 1371 2415 isene

282 2443 357 2498 mein
374 2441 457 2513 qa‘orr
470 2441 532 2498 leur
547 2443 621 2498 ared
635 2440 782 2500 desuem
802 2444 921 2516 (quippe
937 2441 1050 2513 scripsit
1070 2442 1202 2512 dcem,
1216 2444 1279 2499 sine
1294 2461 1328 2513 e,
1343 2449 1370 2500 et

281 2529 355 2584 unde
366 2526 479 2600 ferrum
491 2525 645 2596 oberat),
660 2529 695 2586 its
708 2530 893 2584 mmmm
908 2524 1013 2584 serre
1025 2527 1075 2585 des
1088 2529 1213 2586 millum
1225 2543 1261 2586 su
1275 2533 1371 2586 unirer

183 2643 185 2646 ·
281 2613 378 2672 edesse
387 2613 523 2685 persiller
540 2612 651 2669 duritiis
664 2629 696 2670 se
708 2614 875 2688 sreppes'ent
890 2615 918 2672 le
930 2612 991 2670 tete.

365 2698 411 2752 Fr.
433 2699 476 2756 71.
507 2696 595 2768 [eon.
610 2715 638 2772 p.
653 2704 716 2760 eei.
738 2699 812 2756 Gerl.
835 2698 882 2756 od.
902 2699 970 2756 usai.
992 2697 1025 2774 11,
1046 2702 1091 2758 dd.
1117 2698 1164 2756 ed.
1184 2699 1254 2756 min.
1276 2699 1309 2770 11,
1325 2701 1369 2758 tl.

281 2801 310 2858 p·
320 2785 433 2850 mul.
448 2781 532 2838 Debr.
546 2778 646 2856 llam]
663 2783 749 2840 Anus.
763 2783 836 2842 haee
851 2783 936 2840 habet
953 2802 979 2840 v.
994 2785 1156 2854 semmuro,
1175 2789 1275 2857 pem.
1287 2781 1369 2840 Lind.

283 2869 337 2922 Pro
358 2868 523 2936 eremmon,
553 2865 629 2938 quod
651 2868 744 2924 estin
766 2868 831 2924 eod.
851 2868 949 2924 Ambr.
972 2873 1000 2924 et
1020 2868 1110 2937 Gud.,
1138 2868 1204 2928 olim
1225 2871 1370 2942 legebatur

283 2951 448 3008 transmittit.
1349 2999 1352 3004 .

284 3083 285 3088 ,
311 3105 314 3110 Α
368 3036 413 3092 Fr.
435 3037 479 3094 72.
507 3031 600 3108 [Cori.
617 3049 647 3108 p.
660 3037 722 3094 962.
746 3033 1090 3106 Ger1.sd.nai.11,5e.
1113 3037 1161 3094 ed.
1179 3038 1246 3093 min.
1268 3037 1301 3104 ll,
1325 3043 1370 3098 70.

282 3141 311 3196 p.
328 3124 389 3190 204,
404 3124 449 3181 22.
472 3118 556 3176 Debr.
573 3119 606 3192 ll,
620 3115 680 3194 ue]
716 3117 842 3178 Donatus
862 3120 901 3176 ad
922 3119 985 3177 Ter.
1008 3118 1132 3192 Adelph.
1154 3119 1201 3189 lll,
1218 3128 1245 3188 2,
1259 3127 1305 3184 21.
1323 3122 1370 3178 his

284 3207 378 3264 verbis
402 3206 501 3280 utitur,
525 3209 555 3261 ut
573 3207 673 3276 probet
693 3219 778 3261 ruere
797 3206 915 3262 verbum
930 3205 1053 3261 activam
1068 3205 1126 3260 vim
1147 3203 1252 3262 habere
1273 3206 1301 3260 in
1316 3205 1370 3261 Te·

282 3292 410 3358 rentiano
435 3291 514 3346 loeo:
543 3296 648 3348 ceteros
669 3305 826 3360 ruerem,
852 3305 979 3364 sperent,
1008 3303 1154 3362 reperent,
1180 3290 1322 3346 tunderem
1345 3295 1373 3346 et

278 3365 499 3452 prosternerem.
537 3365 613 3446 Quae
633 3380 760 3448 potestas
777 3369 945 3449 quamquam
967 3373 1044 3446 apud
1059 3375 1196 3430 eomieum
1216 3375 1302 3447 plane
1317 3382 1370 3443 est,

283 3472 393 3530 tamen,
422 3477 507 3533 quum
527 3461 667 3518 obiectum
686 3459 760 3518 desit
780 3461 857 3534 apud
878 3459 1058 3527 Sallustium,
1080 3459 1198 3518 mitent
1217 3459 1311 3532 potius
1331 3462 1371 3528 in-

282 3546 429 3604 transitive
452 3561 541 3602 sensu
560 3546 601 3600 sie
615 3544 727 3604 videtur
747 3545 936 3618 sapiendum,
959 3552 989 3604 ut
1004 3544 1144 3618 significet
1155 3561 1220 3602 mom
1234 3548 1261 3602 vt
1268 3561 1370 3620 prece-

284 3635 366 3703 dere,
385 3633 447 3688 sive
462 3646 561 3704 meone
575 3632 676 3703 impetu
688 3633 831 3704 pressere
847 3632 884 3690 el.
900 3630 986 3689 Teeil.
1001 3630 1079 3686 ¹llnn.
1096 3631 1144 3700 Vl,
1158 3635 1204 3700 35,
1221 3637 1247 3689 1.
1270 3631 1372 3704 Variae

282 3719 348 3778 hese
361 3717 518 3774 munium
533 3717 653 3788 speeies,
672 3732 756 3790 quum
771 3716 933 3786 serratas,
948 3718 1047 3772 moiseo
1062 3732 1147 3788 αναι,
1163 3717 1249 3774 coste
1261 3715 1372 3789 plade-

283 3819 336 3879 que
352 3805 510 3858 ruerent.
533 3829 576 3838 —
595 3800 635 3856 De
657 3817 778 3874 quanam
793 3819 892 3876 pugna
911 3800 984 3858 haee
1000 3803 1089 3860 verba
1110 3801 1294 3874 intelligenda
1306 3803 1372 3870 sint,

273 3906 401 3964 prorsus
423 3889 583 3942 obscurum.
618 3885 783 3944 Gerlaehius
797 3893 891 3945 tamen
912 3887 965 3944 seit
982 3903 1043 3944 rem
1057 3886 1087 3942 in
1103 3887 1198 3960 aliquo
1220 3888 1371 3944 certamine

272 3973 389 4050 ⁸Metelli
411 3989 475 4028 eum
491 3969 615 4028 Sertorio
630 3971 731 4030 laetam
752 3989 833 4043 esse;
857 3971 932 4046 quod
946 3973 1048 4046 ,qubius
1070 3973 1242 4046 argumentis
1262 3974 1372 4046 probet,

283 4063 346 4134 ipse
365 4057 478 4114 viderit.
1213 4129 1216 4132 Ι

368 4139 414 4200 77.
437 4145 481 4202 73.
514 4137 601 4216 [Cort.
617 4158 646 4214 p.
663 4144 724 4202 959.
750 4141 824 4200 Gerl.
847 4140 893 4200 ed.
908 4143 976 4198 mai.
991 4141 1025 4210 IL
1042 4144 1088 4200 ³1.
1111 4139 1159 4196 ed.
1180 4142 1248 4199 min.
1271 4142 1303 4210 ll,
1325 4144 1370 4212 45.

225 4195 228 4212 ’
282 4248 311 4302 n.
325 4233 388 4300 sm,
402 4233 446 4288 m
463 4227 547 4284 neor.
565 4225 598 4295 11,
615 4227 689 4298 us]
718 4227 854 4286 miseran.
867 4226 904 4298 rr,
918 4231 945 4298 s,
961 4230 1005 4287 u.
1021 4225 1086 4280 vu.
1101 4224 1123 4281 1.
1137 4241 1167 4300 p.
1183 4229 1244 4288 aaa
1260 4225 1306 4280 ee.
1320 4225 1369 4282 in.

282 4313 337 4372 hoe
353 4317 416 4370 loeo
431 4314 530 4383 utitur,
552 4317 582 4368 ut
595 4312 732 4389 participii
749 4315 866 4372 lormarn
884 4316 1036 4389 witelmus
1048 4311 1164 4406 probet3
1186 4312 1221 4372 ei.
1236 4309 1366 4372 Diomed.
