3062 4958
206 347 270 418 292
587 353 618 412 G.
641 349 815 414 SALLUSTI
838 351 952 424 calsel

210 543 377 638 praesenti
391 542 529 636 ignavia
547 542 751 625 mutavistis,
770 541 901 612 abunde
918 541 1101 613 libertatem
1119 543 1198 628 rati,
1219 545 1296 637 quia

208 671 315 763 tergis
343 669 541 752 abstinetur,
571 667 693 738 et'huc
722 667 770 736 ire
803 664 878 736 licet
903 669 1003 759 atque
1032 668 1125 754 illuc,
1159 689 1295 740 munera

202 793 323 866 ditium
344 794 561 867 dominorum.
597 794 709 884 Atque
724 789 807 860 haee
828 790 943 862 eadem
962 816 1030 866 non
1049 799 1128 866 sunt
1145 795 1337 884 agresti-at

209 921 288 1004 bus,
316 919 375 989 sed
402 918 584 989 caeduntur
609 917 694 986 inter
714 916 896 1006 potentium
918 917 1116 1003 inimicitias,
1139 917 1296 1011 donoque
1348 921 1352 930 '

209 1045 329 1114 dantur
345 1043 380 1113 in
396 1043 584 1138 provincias
599 1041 860 1134 magistratibus.
909 1042 958 1112 lta
973 1045 1152 1145 pugnatur
1165 1046 1199 1112 et
1214 1042 1337 1120 vin-m

203 1167 292 1238 ‘citur
317 1167 447 1259 pancis3
466 1168 599 1260 plebeS,
626 1169 858 1262 quodcumque
876 1165 1010 1252 accidit,
1031 1189 1093 1258 pro
1112 1167 1208 1240 victis
1231 1173 1293 1254 est,

208 1297 240 1363 et
265 1294 390 1364 indies
410 1293 518 1387 magis
545 1294 623 1396 erit,
651 1293 813 1388 siquidem
832 1291 955 1364 maiore
981 1303 1062 1362 'cura
1091 1292 1294 1365 dominatio-

209 1393 578 1505 nemilli'retinuerint,
601 1443 700 1514 quam
722 1433 785 1489 vos
807 1417 1027 1510 repetiveritis
1047 1417 1239 1490 libertatem.

206 1641 297 1696 genus
313 1625 423 1682 duobus
439 1625 469 1680 fit
491 1625 593 1694 modis,
610 1633 694 1696 prout
709 1629 836 1694 verbum,
858 1627 934 1698 quod
949 1623 1103 1696 praecedit,
1127 1627 1173 1680 vel
1189 1626 1292 1682 intran-

206 1711 319 1766 sitivum
333 1717 376 1766 est
393 1711 610 1780 autpassivum,
627 1712 674 1767 vel
695 1712 887 1779 transitivum
900 1711 973 1767 ¹illud
994 1711 1200 1784 appositionem
1221 1727 1292 1768 casu

206 1795 379 1850 nominativo
392 1793 486 1862 habet,
507 1793 561 1850 boc
577 1797 749 1865 accusativo,
764 1813 798 1852 eo
816 1813 919 1852 sensus
935 1795 1108 1864 discrimine,
1124 1801 1151 1850 ut
1165 1796 1291 1854 nomine*

203 1881 278 1935 tivus
294 1895 353 1934 rem
372 1879 509 1951 designet,
527 1881 617 1951 qualis
634 1880 678 1947 sit,
694 1883 884 1949 accusativus,
900 1883 991 1953 qualis
1006 1880 1154 1936 efficiatur.
1187 1879 1231 1938 Ex
1242 1883 1290 1936 illo

204 1973 308 2036 genere
332 1971 375 2018 est
393 1971 491 2020 noster
510 1965 605 2032 locus3
635 1964 673 2020 ad
698 1966 816 2026 alterum
836 1967 956 2036 pertinet
977 1967 1048 2022 Hist.
1069 1966 1115 2020 Fr.
1131 1965 1179 2033 lV,
1205 1971 1248 2034 19,
1261 1971 1289 2025 8.

203 2048 354 2108 eumenem
367 2047 515 2118 (Rommn)
529 2051 603 2104 initio
613 2049 768 2122 praetollere
787 2051 934 2120 Anbocbo,
955 2053 1063 2121 pocla
1083 2051 1297 2120 mercedem,

203 2161 245 2174 —·
255 2137 274 2190 i.
289 2151 316 2189 e.
330 2141 362 2190 ul
370 2137 453 2206 poca
468 2148 574 2192 merces
589 2140 668 2190 esset.
683 2135 816 2203 1,45,1a.
843 2135 934 2192 Plebis
947 2137 1079 2192 anemae
1086 2137 1200 2205 pomae
1210 2137 1289 2192 sedes

201 2234 374 2292 occupauere
387 2223 479 2292 ponci
496 2221 640 2289 satellites,
668 2221 865 2276 mercedem
888 2223 1073 2292 scelernm,
1096 2221 1132 2276 cl.
1150 2219 1287 2293 Kruegeri

200 2297 326 2360 Gramm.
340 2307 388 2362 lat.
406 2309 431 2370 s.
447 2308 509 2374 296,
523 2309 622 2364 anot
639 2309 676 2366 6.,
682 2322 712 2375 p.
723 2309 786 2366 389.
802 2312 828 2368 el
840 2305 961 2364 Gramm.
977 2307 1026 2362 lat.
1041 2311 1130 2360 nostr.
1147 2309 1172 2370 ς»
1188 2309 1287 2377 latet.

201 2395 259 2450 not.
279 2397 322 2450 ll.
337 2389 424 2444 addit
441 2390 514 2460 d.-p.
531 2393 605 2459 296„
636 2389 708 2444 Ante
724 2383 850 2445 Cortium'
867 2393 895 2446 in
913 2389 980 2446 edd.
997 2397 1126 2462 corrupte
1142 2392 1287 2464 legebatur

201 2489 323 2544 manee,
342 2491 397 2545 quo
412 2475 515 2530 acerba
527 2475 621 2532 ironia
636 2490 754 2544 prorsus
770 2476 883 2530 tollitur.

285 2605 311 2666 s.
323 2603 367 2660 27.
383 2601 453 2655 boec
468 2601 576 2667 ecdem)
595 2599 614 2654 i.
627 2618 652 2654 e.
669 2599 741 2658 haec
757 2603 852 2657 tenuia
869 2602 1021 2673 ‹el-exigua,
1038 2602 1131 2674 qualia
1144 2607 1208 2658 sunt
1222 2616 1285 2658 ver·
1370 2593 1372 2596 ’

199 2688 296 2742 berum
311 2685 473 2741 immunitas
489 2691 516 2739 et
528 2686 598 2757 liber
614 2685 753 2742 incessus.
764 2684 977 2760 -4Apreslr'bus,
990 2685 1055 2742 h.e.
1067 2686 1141 2760 plebi
1153 2683 1285 2756 rusticae,

200 2787 271 2844 quae
289 2769 409 2828 durioris
430 2777 489 2836 erat
503 2769 694 2840 condicionis,
718 2786 801 2844 quam
823 2775 942 2842 urbana,
966 2771 1119 2828 delectibus
1137 2767 1285 2838 acerbissi-

198 2857 251 2911 mis
269 2859 432 2924 vexabatur,
450 2857 527 2930 agris
543 2857 602 2912 suis
620 2858 784 2928 pellebatur,
801 2858 857 2927 aut,
872 2873 955 2929 quum
973 2857 1127 2917 seditiones
1142 2864 1169 2913 et
1185 2851 1284 2914 ciuiles

199 2943 295 2996 turbae
308 2949 483 3010 exarserant,
501 2947 583 3013 prout
598 2941 738 2999 adversae
753 2945 824 3015 parti
843 2933 957 2998 addicta
976 2941 1079 3011 luerat,
1103 2942 1283 2999 caedebatur.

196 3026 326 3099 Apresles
342 3036 432 3097 vocat,
449 3045 518 3099 quos
532 3025 610 3083 Catil.
627 3045 652 3084 c.
667 3025 806 3098 xxxvii,
819 3032 844 3088 7.
867 3031 1042 3096 iuventutem,
1064 3042 1135 3100 qnae
1156 3030 1184 3084 ln
1208 3030 1285 3102 apris

197 3109 326 3169 amanum
348 3115 474 3169 mercede
487 3115 608 3185 inopiam
623 3113 769 3182 tolerabat,
792 3119 818 3168 et
835 3114 930 3170 Livius
950 3113 1038 3181 XXV,
1054 3119 1080 3182 l,
1096 3117 1124 3171 8.
1151 3117 1283 3170 mallccm

143 3254 145 3258 ,
191 3195 299 3268 plebem
315 3197 393 3254 dixit.
414 3195 518 3254 CORT.
545 3229 586 3236 -
611 3195 691 3252 Inter
698 3200 853 3269 polentiam
867 3199 1035 3268 inimicitius,
1061 3198 1089 3253 h.
1105 3213 1130 3252 e.
1146 3198 1212 3254 dum
1229 3215 1282 3270 po·

197 3288 285 3358 tentes
312 3285 399 3339 armis
415 3281 544 3338 civilibus
561 3283 632 3336 inter
648 3299 679 3336 se
696 3289 817 3352 certant;
838 3283 912 3338 adeo
928 3301 979 3340 nec
1002 3289 1097 3355 terga,
1121 3299 1174 3338 nec
1197 3285 1281 3340 vitam

196 3368 286 3438 ipsam
302 3369 390 3424 libera
405 3369 517 3423 habent.
534 3365 638 3422 CORT.
657 3398 692 3406 ·-
709 3366 788 3423 Ilnno
804 3369 907 3425 dentur
920 3371 950 3424 ln
958 3364 1121 3440 provincias
1136 3371 1282 3441 mopistrc·

194 3452 282 3520 libus,
305 3441 334 3508 h.
356 3469 381 3506 e.
403 3452 612 3524 magistralibus
635 3453 829 3523 assignantur,
854 3449 954 3527 quibus
979 3453 1015 3510 ad
1035 3453 1197 3527 provincias
1214 3453 1282 3510 obti-

195 3535 444 3592 nendasmilitibus
460 3553 532 3608 opus
545 3541 604 3604 est;
621 3535 749 3608 adeoque
766 3539 820 3594 illis
837 3557 892 3594 non
907 3539 961 3596 huc
978 3541 1017 3595 ire
1031 3540 1191 3612 licebatque
1205 3538 1280 3597 illuc.

197 3619 300 3677 CORT.

279 3751 304 3812 s.
320 3752 364 3809 28.
373 3749 489 3820 paucis)
506 3749 639 3818 ltarecto
656 3757 748 3808 exstet
765 3752 794 3808 in
810 3752 875 3809 Vat.
890 3757 917 3812 1.
935 3758 961 3808 et
974 3757 1018 3821 23
1048 3753 1134 3808 ceteri
1150 3749 1234 3808 codd.
1251 3755 1278 3808 et

193 3833 263 3892 edu·
280 3835 431 3893 nonnullae
448 3839 558 3890 veteres
573 3852 609 3890 ex
628 3837 839 3908 interpolatione
855 3838 925 3892 sutili
941 3842 1035 3894 tenent
1048 3855 1066 3893 c
1073 3841 1185 3910 mucis.
1209 3837 1277 3894 Sen-
1345 3829 1348 3832 ’

193 3933 255 3980 sum
272 3933 358 3984 verae
372 3919 501 3976 lectionis
518 3919 626 3976 Coruus
645 3929 719 3977 recte
735 3923 880 3993 perspexit
892 3939 958 3978 esse
974 3923 1064 3978 hunc:
1080 3924 1108 3977 in
1123 3939 1277 3994 paucorum

191 4003 309 4075 gretiam
325 4012 353 4068 et
369 4006 546 4062 commodum
562 4013 702 4078 pugnatur
718 4012 748 4060 et
760 4007 896 4074 vincitur,
915 4009 934 4062 i.
950 4025 976 4062 e.
991 4025 1042 4078 pro
1060 4024 1215 4079 paucorum
1228 4023 1278 4078 po-

191 4090 278 4146 tentia
293 4095 452 4163 pugnatur,
468 4097 512 4159 et,
529 4093 556 4146 si
576 4093 711 4160 vincitur,
733 4092 773 4146 illi
791 4091 940 4148 commoda
957 4093 993 4147 ad
1009 4110 1074 4150 sese
1097 4093 1218 4164 rapiunt.
1235 4117 1277 4132 -

190 4173 250 4230 Pro
264 4177 340 4243 caelas
353 4193 404 4248 per
420 4177 537 4248 synesin
558 4177 732 4232 tritissimam
751 4177 848 4238 reterri
866 4176 903 4232 ad
914 4177 1010 4248 plebes
1029 4179 1204 4250 inpromptu
1224 4185 1276 4234 est.

190 4257 224 4318 Et
237 4263 373 4318 tamenin
388 4263 530 4320 nonnullis
547 4258 613 4318 edd.
627 4268 694 4316 vett.
719 4269 745 4314 et
765 4262 896 4332 nepesin
913 4262 1060 4321 Weisiana
1075 4263 1276 4338 exfflinterpola·
1309 4288 1312 4292 ·
