3102 4956
214 403 276 473 198
588 408 617 470 C.
641 404 813 467 SALLUSTI
835 405 950 465 CRISPI

215 600 337 694 quippe
355 599 419 692 ‚qui
440 597 572 668 nomine
591 595 690 667 modo
717 593 832 686 imperi
861 619 880 664 a
905 593 1001 666 vobis
1025 596 1161 685 accepto
1185 593 1303 665 diebus

214 723 435 819 quadraginta
469 720 649 792 exercitum
682 718 813 814 paravi,
845 721 1018 815 bustisque
1052 719 1098 789 in¹
1118 718 1302 790 cervicibus

214 851 278 920 iam
308 848 421 919 ltaliae
450 847 582 941 agentis
611 848 652 916 ab
677 846 820 938 Alpibus
847 847 880 918 in
907 846 1100 939 Hispaniam
1127 843 1301 915 summoti.

215 977 280 1046 Per
297 997 354 1046 eas
375 974 437 1044 iter
455 973 544 1043 aliud
567 974 666 1065 atque
680 971 860 1059 Hannibal,
877 972 972 1043 nobis
990 970 1222 1064 opportunina
1237 991 1303 1062 pa·-

213 1101 319 1173 teteci.
362 1098 484 1192 Recepi
506 1097 660 1182 Galliam,
677 1097 900 1190 Pyrenaeum,
919 1095 1135 1183 Laletaniam,
1165 1095 1331 1190 Indiga-e

298 1337 323 1398 §-
338 1335 365 1388 5.
395 1329 581 1398 Laletaniam)
604 1329 644 1386 lta
659 1330 723 1384 Vat.
739 1336 765 1388 1.
783 1333 810 1384 et
824 1327 922 1383 relicui
940 1325 1037 1395 codd,
1055 1333 1168 1399 praeter
1183 1328 1247 1382 Vat.
1264 1333 1302 1395 1.,

214 1418 243 1474 in
260 1433 315 1488 quo
331 1421 375 1472 est
389 1415 587 1483 Lacettambm,
611 1414 687 1470 unde
704 1415 733 1470 in
756 1415 848 1468 multis
860 1412 944 1485 edd„
965 1413 1050 1468 etiam
1073 1413 1102 1468 in
1118 1413 1260 1470 Orclllaba
1276 1431 1303 1468 a.

214 1506 291 1570 1810,
311 1502 443 1576 vulgatur
458 1497 645 1559 Lacetaniam.
689 1499 748 1557 Sed
767 1499 821 1554 hoc
844 1515 947 1553 nomen
967 1498 1069 1554 lalsurn
1092 1515 1156 1555 esse
1172 1499 1303 1561 locorum

213 1589 283 1644 ratio
300 1587 415 1642 evincit.
458 1586 588 1642 Latetom
604 1585 693 1653 enim,
717 1599 835 1656 quornm
860 1589 946 1656 caput
964 1582 1087 1640 Barcino
1104 1579 1303 1658 (Bareelona)
1405 1639 1410 1649 ,

214 1674 280 1740 luit,
302 1672 389 1728 maris
404 1687 483 1726 oram
503 1671 684 1739 accolebant3
707 1669 843 1726 Lacetani
862 1674 970 1737 autem,
995 1683 1164 1740 quamquam
1184 1668 1303 1724 eandem

212 1757 367 1828 Hispaniae
384 1761 493 1828 partem
513 1756 681 1823 obtinentes,
699 1755 790 1826 magis
806 1755 943 1810 introrsus
959 1752 1046 1810 sedes
1057 1752 1199 1812 habebant
1214 1755 1244 1810 iu
1261 1771 1304 1810 re·

213 1843 298 1913 gione
313 1847 462 1897 montuosa
480 1841 692 1914 Pyrenaeisque
710 1841 844 1896 subiecta.
875 1839 1025 1910 Pompeius
1042 1843 1135 1894 autem
1150 1855 1235 1910 quum
1252 1841 1305 1898 iter

159 1952 161 1956 ·
212 1927 304 1998 magis
323 1924 480 1982 secundum
496 1927 582 1982 maris
600 1942 678 1982 oram
701 1925 845 1998 dirigeret,
862 1925 965 1998 quippe
980 1940 1052 1996 quae
1067 1927 1233 1997 plerumque
1247 1923 1303 1982 Ro·

212 2027 360 2066 manorum
381 2012 410 2066 in
431 2007 487 2066 fide
510 2029 544 2067 ac
566 2011 670 2067 ditione
691 2011 896 2083 permansisset
916 2011 1004 2078 (ets.
1023 2010 1080 2082 a),
1101 2025 1220 2081 eamque
1237 2014 1302 2068 ante

211 2097 307 2152 omnia
322 2097 488 2153 confirmare
505 2096 573 2152 etin
588 2102 727 2168 potestate
743 2096 863 2151 retinere
879 2095 1013 2162 studeret,
1031 2096 1156 2166 prolecto
1169 2109 1224 2150 non
1237 2114 1302 2152 con-

207 2190 377 2238 sentaneum
394 2186 445 2250 est,
457 2181 637 2238 Lacetaniam
654 2184 689 2238 ab
704 2199 739 2237 eo
755 2185 921 2252 occupatam
933 2181 1032 2236 luisse.
1044 2209 1086 2220 --
1097 2179 1230 2253 Indipeb'a
1244 2199 1302 2236 om-

211 2269 288 2324 nium
306 2266 392 2323 codd.
402 2267 491 2322 lectio
508 2273 567 2336 est,
585 2283 638 2340 pro
661 2281 716 2338 qua
732 2269 760 2322 in
781 2265 849 2322 edd.
865 2271 932 2322 vett.
950 2265 1046 2337 inepta
1060 2265 1236 2336 interpolatio
1251 2266 1301 2322 ba·

210 2355 290 2408 betur
312 2352 461 2426 Ilergetum
476 2353 523 2406 vel
539 2350 682 2426 Iterpetea.
713 2351 845 2408 Confines
860 2351 948 2406 luisse
964 2351 1114 2406 Laletanos
1128 2350 1301 2423 indigetibus
1376 2386 1382 2398 .

210 2443 288 2510 patet
303 2439 387 2493 etiam
403 2453 440 2491 ex
454 2436 524 2492 Ptin.
538 2437 572 2491 H.
595 2437 629 2492 N.
647 2437 691 2501 ΙΙΙ,
706 2440 733 2494 3.
747 2467 790 2476 -
804 2438 858 2490 Pro
874 2438 950 2492 noves
964 2435 1100 2504 militibus,
1113 2435 1189 2508 quod
1201 2453 1301 2494 omnes

210 2521 295 2577 codd.
313 2528 414 2589 tenent,
431 2521 461 2575 in
479 2521 682 2592 antiquioribus
699 2521 766 2576 edd.
785 2537 821 2575 ex
836 2522 1049 2592 interpolatione
1064 2521 1210 2594 legebatur
1225 2524 1302 2578 aevis

210 2606 350 2678 quidem
366 2607 432 2675 mit,
449 2622 531 2676 quam
543 2606 598 2660 iam
615 2605 724 2662 Curtius
740 2611 816 2660 recte
833 2605 1053 2678 repudiavit-
1065 2606 1104 2664 et
1117 2612 1180 2662 ante
1195 2609 1300 2664 multo

210 2692 378 2748 sententiam
400 2690 529 2763 adiungit
560 2692 708 2762 superiora
736 2693 824 2748 verba
851 2691 1026 2747 accuratiore
1049 2691 1212 2748 delinitione
1242 2693 1302 2748 illu-

211 2781 344 2833 strantem
362 2783 446 2848 atque
466 2775 700 2847 amplificantcm3
721 2775 798 2848 quod
813 2777 859 2834 ubi
875 2776 920 2844 lit,
936 2777 1091 2847 vernacula
1108 2776 1230 2832 dicimus
1244 2779 1302 2833 aad

210 2877 297 2931 amer,
316 2863 400 2918 latine
416 2862 564 2934 pariteret
576 2863 692 2934 quietern,
707 2863 754 2919 vel
768 2867 794 2918 et
808 2864 846 2930 is,
873 2866 955 2934 atque
969 2865 1002 2930 is,
1023 2863 1099 2934 boue
1118 2861 1173 2918 dici
1188 2868 1297 2936 potest;

210 2948 247 3002 es.
265 2947 311 3002 Fr.
327 2947 347 3015 Ι,
363 2953 407 3021 51,
424 2953 447 3006 1.
491 2945 672 3004 deditionibus
685 2949 777 3004 errario
792 2947 901 3004 turbata
915 2951 988 3017 sunt,
1002 2952 1034 3003 et
1045 2947 1080 3002 ab
1093 2950 1135 3018 its,
1152 2962 1220 3022 quos
1229 2964 1298 3021 pro-

209 3031 303 3088 bibere
319 3035 407 3106 mopia
420 3031 543 3089 decebat.
556 3031 603 3088 Fr.
619 3034 668 3102 IV,
684 3037 727 3102 18,
741 3040 770 3092 5.
785 3030 920 3089 Romanis
935 3049 992 3088 aaa
1007 3037 1041 3088 ct
1058 3047 1099 3088 ea
1109 3039 1185 3090 aetas
1198 3049 1299 3091 aarum

208 3118 329 3174 bedandi
337 3125 386 3176 est.
419 3119 479 3191 lug.
492 3137 522 3174 c.
533 3117 670 3187 LXXXV,
685 3121 712 3176 3.
744 3118 827 3176 Dona
837 3117 1064 3190 sorbqwomaia
1085 3133 1198 3190 curare,
1212 3125 1243 3175 et
1264 3135 1298 3176 ea

207 3218 292 3276 apere
305 3207 377 3260 inter
396 3205 511 3276 triados,
526 3205 652 3274 opmtone
670 3204 800 3276 caperata
817 3209 865 3258 est.
896 3218 925 3257 v.
939 3203 976 3258 ed
991 3221 1016 3259 c.
1032 3201 1144 3272 XXXII,
1156 3209 1183 3262 1.
1197 3221 1226 3276 p.
1235 3209 1297 3264 196.

206 3289 333 3346 Xiilmer.
357 3288 402 3346 ad.
421 3287 478 3344 Cic.
495 3287 643 3360 Tuscell,
659 3288 685 3354 7,
703 3289 746 3344 17.
763 3285 859 3350 Ηειηᾱ.
871 3287 906 3345 de
920 3287 1041 3344 Partica.
1055 3289 1125 3344 Latt.
1138 3289 1203 3344 Vol.
1215 3288 1248 3343 H.
1266 3307 1295 3362 p.

207 3375 271 3432 177.
291 3403 332 3414 -
353 3372 532 3444 dilemmate
545 3374 646 3428 cestria
661 3371 827 3444 scripsimus
842 3372 1004 3430 auctoritate
1020 3375 1085 3430 Vat.
1100 3380 1126 3432 1.
1163 3371 1297 3430 Orellium

208 3463 235 3512 et
255 3457 376 3514 Fabrum
392 3457 499 3523 secuti3
524 3457 622 3512 relicui
638 3455 722 3512 codd.
739 3464 766 3512 et
780 3455 847 3513 edd.
863 3457 967 3514 babent
982 3458 1011 3514 b.
1022 3461 1051 3516 ia
1067 3459 1177 3516 ababa.
1198 3457 1296 3516 Solum

209 3539 362 3598 ablativum
377 3557 433 3596 non
455 3542 583 3609 localem,
601 3541 653 3597 sed
676 3541 817 3598 medalem
832 3545 890 3600 vim
907 3543 1023 3616 babere,
1055 3545 1145 3600 Faber
1162 3549 1238 3600 recte
1254 3545 1294 3600 iu-

208 3625 299 3696 dioat3
318 3626 403 3698 igitur
418 3626 519 3682 cestris
532 3625 646 3682 blemem
658 3641 743 3699 apere
758 3627 899 3700 significat
912 3633 1007 3684 castro
1020 3627 1147 3684 babendo
1157 3629 1175 3685 i.
1189 3645 1218 3685 e.
1235 3647 1293 3686 mu-

207 3712 316 3780 niendo,
331 3711 439 3780 tuendo,
454 3709 634 3782 defendendo,
646 3713 764 3784 otioque,
786 3729 857 3786 patae
873 3713 901 3770 ia
919 3716 1020 3769 cestria
1030 3729 1083 3774 usu
1097 3715 1214 3784 beabat,
1232 3715 1294 3770 obe-

207 3796 280 3852 undo
298 3796 413 3852 bamam
427 3796 597 3868 bamiperm
616 3798 826 3869 praepositione
843 3801 872 3854 ia
886 3813 955 3853 vero
971 3798 1069 3854 addita
1092 3797 1193 3856 eadem
1207 3802 1295 3855 verba

209 3882 371 3954 simpliciter
388 3879 547 3954 significant
560 3897 617 3954 per
630 3881 745 3938 hiemem
758 3886 787 3940 ia
802 3885 903 3941 castae
918 3887 1030 3940 versari
1040 3884 1097 3940 eice
1113 3897 1183 3939 esse.
1216 3884 1294 3952 Quae

208 3983 377 4039 quamquam
393 3983 423 4021 re
441 3965 541 4022 eodem
556 3967 615 4022 lere
629 3967 764 4038 redeunt,
786 3969 854 4025 illud
871 3974 974 4042 tamen,
997 3969 1129 4042 quoniam
1144 3975 1294 4025 eonsuetu-

208 4051 281 4108 dinis
297 4053 449 4109 castrensis
464 4052 700 4124 significationem
715 4053 808 4126 habet,
819 4053 1058 4110 accommodatius
1069 4059 1112 4110 est
1124 4052 1161 4109 ad
1171 4060 1293 4110 mentem

207 4138 333 4211 Pompeii
348 4137 570 4212 exprimendam.
587 4169 629 4182 -
650 4141 746 4196 Verba
758 4155 846 4214 aeque
868 4155 906 4199 eae
926 4140 1070 4196 ambitione
1091 4150 1152 4194 neec
1171 4135 1291 4206 Cottius,

209 4239 295 4296 aquo
310 4239 367 4280 non
384 4226 498 4282 mutum
513 4223 642 4282 dissentit
663 4224 827 4284 Gerlachius
843 4227 907 4280 Vol.
916 4225 961 4282 111.
977 4243 1006 4297 p.
1020 4229 1076 4293 87,
1092 4225 1167 4296 capit
1183 4224 1218 4280 de
1235 4241 1292 4282 am·

208 4309 312 4364 bitione
322 4309 444 4380 militari,
458 4311 625 4383 imperatore
641 4310 677 4367 ad
689 4311 815 4368 levorem
826 4311 942 4367 militum
957 4309 1126 4382 captandum
1138 4312 1290 4366 exereitum
