3096 4962
217 357 305 406 xxrv
512 344 678 403 llblTORlS
705 343 881 403 EPISTOLA
905 343 1048 404 CRITch

219 530 266 594 vis
289 537 415 604 exorto,
442 526 474 588 id
493 529 579 605 quod
600 535 665 591 tum
690 546 731 590 ex
752 527 821 608 ipsa
843 526 887 590 rei
909 525 1059 606 gravitate
1081 528 1256 607 coniicitur,
1285 539 1349 595 tum

217 634 472 710 Fragmentorum
496 631 535 690 ad
558 629 632 692 illud
653 632 765 694 bellum
789 630 1006 710 pertinentium
1024 631 1216 695 multitudine
1238 636 1349 710 proba·

216 744 277 799 tur.
321 731 462 810 Denique
484 730 514 792 in
537 733 630 794 rebus
652 734 779 796 urbanis
797 736 923 795 multum
946 751 1016 795 eum
1038 734 1076 796 de
1096 736 1348 799 contentionibus

217 835 387 900 tribuniciis
407 833 510 912 egisse
533 835 673 897 dubitare
696 855 758 898 non
782 835 854 900 sinit
863 834 960 896 Macri
976 836 1081 898 Licinii
1104 837 1202 901 oratio
1225 855 1265 900 ex
1288 840 1349 901 hoo

217 941 295 1002 libro
317 938 439 1018 integra
462 944 596 1000 servata.

275 1152 278 1164 ¹
303 1077 409 1154 Quarti
431 1075 501 1139 libri
528 1069 742 1154 argumentum
768 1076 861 1150 longe
884 1073 1047 1136 maximam
1069 1085 1188 1153 partem
1208 1088 1351 1140 versatur

217 1181 247 1242 in
267 1180 476 1243 continuanda
503 1179 681 1241 narratione
702 1177 775 1238 belli
797 1176 1006 1252 Mithridatici,
1032 1195 1112 1253 quae
1134 1197 1237 1256 usque
1259 1181 1350 1242 adid

218 1292 341 1362 tempus
365 1281 547 1362 deducitur,
570 1298 631 1363 quo
647 1277 855 1353 Mithridates,
882 1277 973 1338 etiam
995 1287 1069 1355 post
1089 1279 1230 1358 Tigranis
1252 1279 1350 1345 socie-

217 1395 311 1450 tatem
343 1383 544 1464 gravissimas
576 1383 681 1444 clades
710 1387 872 1462 expertus,
899 1381 1028 1444 Arsacis
1060 1399 1152 1460 opem
1184 1385 1350 1463 implorare

218 1497 346 1552 coactus
364 1467 422 1550 est.
454 1489 620 1549 Praeterea
631 1485 826 1562 Spartacium
847 1485 961 1568 bellum
988 1485 1133 1562 quoniam
1155 1489 1245 1551 lertio
1268 1508 1349 1552 anno

216 1592 334 1654 finitum
356 1599 419 1665 est,
445 1589 511 1653 eius
535 1596 673 1651 extrema
694 1605 769 1664 pars
793 1587 855 1648 hoc
881 1586 958 1648 libro
991 1589 1194 1681 continetur,
1212 1611 1274 1670 quo
1297 1611 1350 1656 au-

218 1703 286 1756 ctor
312 1693 403 1756 simul
431 1691 504 1752 belli
525 1689 646 1752 Thracii
674 1691 768 1751 finem
794 1689 929 1750 tradidit.
974 1691 1007 1751 ln
1026 1692 1103 1752 urbe
1131 1700 1234 1770 autem
1257 1696 1350 1774 longe

216 1781 348 1873 plurime
370 1795 397 1856 ei
420 1793 563 1856 materies
586 1791 643 1855 luit
667 1793 706 1853 de
727 1791 870 1855 restituta
893 1793 1057 1857 tribunicia
1075 1803 1231 1872 potestate
1252 1816 1289 1860 ac
1311 1800 1350 1863 de

215 1898 355 1977 Pompeii
378 1905 408 1960 et
428 1896 532 1960 Crassi
555 1900 718 1959 consulatu
740 1895 921 1958 disserendi.

304 2033 406 2112 Quinti
428 2034 496 2096 libri
514 2033 647 2112 ambitus
667 2029 778 2094 ceteris
801 2034 896 2093 multo
921 2032 1018 2096 luisse
1038 2033 1161 2096 videtur
1179 2036 1349 2114 angustior,

216 2138 242 2201 si
264 2138 397 2215 quidem
428 2136 551 2199 relicuis
579 2135 669 2198 bellis
692 2135 834 2198 omnibus
858 2135 1040 2213 compositis
1062 2155 1159 2200 unum
1188 2148 1351 2217 supererat

214 2241 463 2315 Mithridaticum,
486 2239 635 2302 Romanis
647 2247 712 2301 tum
724 2245 840 2301 mutata
857 2241 981 2301 fortune
998 2241 1089 2302 valde
1111 2241 1350 2320 improsperum.

215 2347 378 2406 Extremas
401 2342 493 2418 igitur
507 2341 627 2402 Luculli
643 2357 710 2412 reS,
741 2341 807 2408 eius
827 2341 973 2404 invidiam
995 2345 1080 2420 apud
1102 2342 1286 2419 exercitum,
1309 2346 1366 2406 le··

215 2447 342 2524 gionum
366 2439 561 2514 seditionem,
585 2447 616 2500 et
632 2442 758 2503 loedum
781 2441 899 2518 egregii
919 2443 1007 2506 ducis
1028 2461 1067 2516 ex
1079 2445 1156 2506 Asia
1175 2444 1351 2508 discessum

215 2551 276 2611 hoc
291 2546 370 2608 libro
391 2541 557 2606 Sallustius
580 2543 741 2618 exposuit,
764 2561 866 2620 neque
885 2548 966 2606 ultra
984 2546 1015 2607 in
1037 2545 1180 2612 Historiis
1204 2565 1350 2625 progres-

216 2671 271 2714 sus
295 2658 353 2724 est,
375 2665 468 2726 quam
482 2660 592 2720 usque
614 2643 705 2705 adid
726 2652 861 2722 tempus,
883 2665 945 2724 quo
957 2648 1106 2726 Pompeio
1127 2647 1259 2725 primum
1281 2651 1350 2726 lege

217 2750 360 2826 Gabinia,
397 2747 526 2819 deinde,
559 2743 666 2822 piratis
701 2748 869 2824 conlectis,
902 2751 971 2827 lege
995 2749 1119 2810 Manilia
1145 2767 1298 2820 summum
1319 2751 1349 2816 in

215 2863 282 2918 tota
302 2853 380 2932 Asia
400 2847 563 2926 imperium
586 2847 786 2913 commissum
814 2859 872 2914 est.
937 2874 939 2876 ·

248 3036 250 3040 .
299 2991 426 3051 Praeter
456 2984 551 3060 haee,
591 3002 671 3062 quac
701 2987 880 3052 universum
908 2989 1113 3064 Historiarum
1134 3000 1349 3070 argumentum

218 3093 426 3166 constituunt,
453 3108 556 3152 rerum
587 3098 783 3156 externarum
814 3091 1043 3171 expositionem
1074 3100 1184 3154 auctor
1208 3093 1348 3171 plurimis

216 3195 354 3260 distinxit
389 3191 653 3272 digressionibus,
685 3193 802 3270 pariter
835 3195 874 3254 ad
909 3197 1163 3272 cognoscendum
1196 3195 1349 3273 iucundis

215 3311 308 3378 atque
327 3300 367 3360 ad
390 3297 554 3358 docendos
582 3297 716 3367 lentqres
738 3292 919 3358 utilissimis.
963 3299 1038 3358 Nam
1065 3317 1126 3376 quo
1149 3300 1258 3368 melius
1281 3318 1349 3376 per·

216 3402 405 3483 spiceretur,
443 3396 556 3474 quibus
584 3395 721 3473 quidque
750 3397 828 3460 locis
855 3406 941 3461 esset
968 3406 1106 3476 gestum,
1140 3401 1255 3479 ubique
1285 3421 1348 3464 non

215 3507 317 3567 solum
339 3509 491 3563 terrarum
524 3505 617 3576 atque
638 3498 799 3576 regionum
828 3501 919 3564 situm
939 3510 978 3563 ,et
1012 3510 1152 3580 naturam
1175 3503 1348 3582 descripsit,

215 3607 272 3668 sed
294 3603 385 3666 etiam
407 3605 447 3665 de
472 3601 608 3678 gentium
634 3601 776 3678 ingenio,
807 3604 961 3684 moribus,
986 3605 1133 3669 institutis
1159 3616 1252 3684 atque
1275 3607 1349 3668 anti-

215 3706 382 3785 quitatibus
409 3704 562 3782 prodidit,
595 3721 675 3779 quae
690 3713 861 3768 memoratu
881 3707 973 3784 digna
989 3708 1176 3769 viderentur.
1221 3711 1266 3768 lix
1286 3728 1348 3787 quo

215 3814 439 3886 generesunt,
466 3823 546 3884 quae
562 3806 649 3867 'libro
671 3808 694 3867 I.
726 3809 765 3868 de
788 3809 903 3886 Mauris
928 3818 958 3871 et
979 3809 1156 3874 Fortunatis
1180 3809 1288 3872 insulis
1312 3829 1349 3873 ac

217 3913 256 3973 de
289 3910 457 3988 piratarum
488 3907 606 3986 origine
636 3917 667 3970 et
693 3911 837 3988 sedibus,
875 3911 951 3974 libro
985 3914 1021 3973 Il.
1053 3913 1092 3972 de
1124 3911 1285 3975 Sardiniae
1318 3921 1349 3975 et

217 4013 363 4076 Corsicae
390 4021 500 4074 natura
530 4011 817 4091 antiquissimisque
854 4013 963 4075 incolis
1000 4020 1032 4074 et
1066 4014 1105 4074 de
1138 4013 1348 4096 Hispanorum

215 4113 353 4176 moribus
380 4122 410 4177 et
442 4117 591 4182 bellicosa
610 4119 731 4193 indole,
761 4115 839 4179 libro
860 4118 910 4178 ill.
935 4117 974 4178 de
993 4115 1070 4178 mari
1089 4117 1218 4180 Pontico
1242 4124 1272 4178 et
1292 4115 1347 4176 cir-

216 4216 457 4282 cumiacentibus
491 4220 650 4298 gentibus,
688 4222 727 4281 de
754 4218 894 4282 Danubio
928 4227 959 4280 et
992 4218 1168 4302 Germanis,¹
1198 4221 1348 4280 decreta

214 4321 315 4388 insula
331 4320 463 4405 eiusque·
482 4323 697 4419 religionibus,
724 4322 802 4384 libro
826 4324 878 4384 IV.
895 4322 1127 4398 delluphrate,
1149 4320 1246 4398 Tigri,
1273 4321 1362 4399 ble-x
1439 4387 1442 4394 ,

1532 4167 1533 4236 l

1532 4631 1533 4700 l

1509 4907 1533 4944 A
