3096 4962
213 397 288 450 xlm
516 386 682 446 nonanis
703 386 879 446 urlsrata
899 385 1041 444 canica

215 573 260 635 sic
288 578 406 634 exstat:
434 573 497 648 ipse
523 573 611 647 prust
633 571 810 632 vitabundus
833 587 890 647 per
917 572 1048 632 saltumn
1069 571 1135 630 loca
1158 575 1197 632 ct¹
1213 571 1345 630 tramites

214 679 379 737 exercitum
406 673 540 734 ductare.
595 671 739 734 Similiter
763 669 1036 747 Lunaaburgensis
1060 669 1161 732 editor
1185 671 1217 732 in
1239 670 1344 747 Spicil.

214 794 245 853 p.
271 774 339 834 110.
365 793 395 836 n.
418 773 469 834 24.
503 773 545 835 cx'
567 774 665 836 schol.
693 775 733 834 ad
752 773 869 836 Lucani
889 772 1026 834 Pharsal.
1049 771 1106 844 Vl,
1129 772 1201 834 796.
1231 773 1345 836 audit:

216 878 279 950 „Et
310 893 387 937 sane
411 876 558 938 Gracchis
592 875 737 954 cupidine
768 875 918 938 victoriae
951 873 1035 934 haud
1063 873 1138 936 satis
1165 874 1345 937 moderatus

119 1041 126 1062 ⁸
215 979 271 1040 luit
299 977 464 1053 animus,“
493 996 573 1056 quae
602 979 713 1040 iisdem
742 977 846 1040 verbis
874 979 1018 1052 leguntur
1049 975 1114 1051 lug.
1145 990 1173 1034 c.
1193 974 1287 1046 XLII,
1316 972 1347 1034 2.

215 1079 357 1140 Eundem
380 1078 457 1154 fugit
477 1079 551 1141 ibid.
574 1100 607 1158 p.
626 1080 694 1142 199.
717 1099 747 1142 n.
770 1078 834 1155 18.,
858 1094 938 1156 quae
953 1075 1081 1140 Servius
1105 1076 1243 1152 adVirg.
1265 1078 1345 1136 Aen.

214 1180 331 1254 1.,194.
356 1197 394 1240 ex
418 1181 564 1244 Sallustio
589 1183 707 1244 laudat:
738 1179 943 1257 „provincias
962 1179 1043 1238 inter
1064 1194 1100 1240 se
1121 1179 1345 1254 paniverant,“

214 1281 245 1341 in
264 1282 329 1357 lug.
349 1281 410 1357 legi
430 1299 456 1342 c.
475 1284 584 1358 XLlll,
610 1282 636 1343 1.
658 1282 848 1344 Debrossius
870 1283 927 1356 lll,
952 1280 1000 1340 19.
1018 1279 1049 1340 in
1069 1278 1253 1355 Fragmenta
1268 1279 1347 1343 intu-

215 1383 247 1444 lit
270 1383 361 1443 haec:
386 1383 447 1456 „Ut
468 1388 647 1462 trequentes
669 1385 752 1446 circa
775 1384 864 1460 signa
886 1382 948 1444 sint
969 1379 1117 1442 milites.“
1161 1380 1286 1442 Scilicet
1306 1383 1346 1443 le·

214 1491 302 1560 gerat
323 1486 407 1561 apud
429 1486 517 1548 Serv.
539 1488 580 1549 ad
597 1489 676 1548 Aen.
699 1485 755 1560 XI,
775 1485 851 1546 870:
880 1486 1044 1560 „Namque
1066 1482 1126 1544 hoc
1148 1483 1263 1559 ubique
1283 1482 1347 1542 dux

214 1587 379 1663 praecipit,
408 1595 443 1650 ut
468 1591 648 1666 frequentes
676 1589 759 1648 circa
781 1588 870 1663 signa
892 1587 954 1650 sint
973 1586 1100 1659 milites,
1130 1583 1210 1644 sicut
1229 1583 1259 1642 in
1282 1581 1346 1642 Sal·

214 1689 307 1750 lustio
326 1689 493 1764 legimus“
537 1693 580 1752 At
602 1690 781 1765 Sallustius,
810 1690 898 1752 cuius
920 1689 1025 1750 verbis
1047 1685 1193 1758 Servius,
1222 1684 1254 1746 in
1281 1699 1350 1744 rem¹

215 1790 310 1850 modo
332 1789 485 1866 intentus,
513 1790 640 1855 liberius
661 1792 772 1866 utitur,
800 1791 831 1851 in
858 1793 923 1867 lug.
948 1807 975 1852 c.
998 1790 1095 1863 XLV,
1118 1787 1147 1848 2.
1179 1786 1347 1862 scripserat

214 1890 269 1950 ita:
294 1937 311 1965 „
320 1892 463 1954 Metellus
485 1911 582 1972 saepe
601 1895 631 1956 in
656 1893 758 1954 medio
782 1895 911 1965 adesse,
938 1896 982 1953 uti
1002 1894 1177 1966 censionis
1196 1890 1346 1966 frequen-

214 1983 256 2052 tes
280 1995 489 2054 incederent.“
539 1999 607 2058 Non
637 1982 738 2058 minus
770 2013 885 2058 avaro
908 1994 1065 2056 aberravit
1084 1991 1274 2056 Debrossius
1294 1988 1345 2064 lV,

214 2092 264 2154 48.
286 2093 339 2153 ubi
360 2095 455 2156 verba
477 2114 496 2158 a
517 2099 668 2162 Diomede
688 2118 718 2176 p.
735 2097 807 2159 372.
829 2100 934 2160 allatm
958 2097 1142 2172 „Interdum
1160 2111 1270 2185 somno
1294 2109 1346 2154 ex-

214 2202 376 2272 perrectus
404 2203 567 2264 tumultum
595 2206 742 2276 lacere,“
773 2199 917 2264 Historiis
945 2193 1098 2272 attribuit,
1131 2213 1214 2274 quae
1241 2199 1347 2272 lugur-

215 2299 285 2359 tbae
319 2305 405 2374 sunt,
434 2317 460 2364 c.
481 2303 603 2377 LXXll,
629 2303 660 2364 2.
691 2303 737 2366 sic
766 2304 897 2381 scripta:
932 2303 1081 2364 interdum
1100 2312 1207 2383 1somnc
1231 2301 1347 2360 centus

213 2406 343 2479 arreptis
363 2407 457 2464 crmr's
476 2410 630 2468 tumultum
648 2408 766 2482 facere.

297 2502 438 2579 Denique
458 2505 713 2583 Fragmentorum
740 2521 889 2568 numerus
918 2510 1043 2579 praeter
1071 2501 1211 2564 ordinem
1236 2506 1345 2564 auctus

214 2612 263 2668 est
285 2623 339 2680 eo,
364 2607 450 2682 quod
472 2609 523 2668 vel
545 2608 682 2672 minores
701 2609 872 2687 particulae
895 2623 934 2667 ex
962 2603 1130 2668 maioribus
1153 2603 1346 2680 Fragmentis

214 2709 357 2770 laudatae
387 2726 497 2771 rursus
534 2728 593 2786 pro
623 2714 713 2774 novis
739 2711 973 2782 exhiberentur,
1001 2709 1051 2768 vel
1078 2725 1174 2770 unum
1201 2707 1347 2781 idemque

214 2812 335 2886 Fragm.
365 2827 383 2870 a
411 2811 536 2873 duobus
563 2813 771 2890 grammaticis
798 2811 902 2887 paullo
933 2809 1059 2872 variatis
1086 2809 1191 2872 verbis
1217 2808 1346 2868 relatum

213 2919 383 2990 propterea
407 2931 466 2990 pro
496 2915 617 2978 duobus
646 2917 725 2978 inter
754 2932 789 2976 se
805 2913 951 2978 ¹diversis
978 2916 1152 2979 haberetur.
1206 2912 1346 2986 Utroque

214 3016 309 3077 modo
333 3015 459 3092 saepius
480 3019 623 3094 peccavit
643 3019 681 3094 is,
705 3018 758 3096 qui
779 3035 836 3080 sua
855 3019 1002 3095 opinione
1023 3013 1287 3081 accuratissimam
1308 3027 1346 3072 ac

212 3134 345 3195 prorsus
373 3117 646 3196 incomparabilem
679 3135 807 3197 operam
834 3121 1040 3184 Historiarum
1068 3114 1260 3195 Fragmentis
1293 3111 1346 3170 im·

213 3220 330 3299 pendit.
379 3221 426 3282 Ex
456 3223 597 3284 oratione
623 3222 731 3298 Lepidi
757 3221 819 3295 (Fr.
842 3223 871 3293 l,
904 3222 961 3295 45,
988 3223 1033 3296 4.)
1061 3238 1155 3298 quum
1182 3220 1347 3292 desumpta

214 3323 276 3386 sint
297 3323 395 3384 verba
415 3340 434 3383 a
454 3323 577 3384 Donato
594 3324 634 3385 ad
651 3323 719 3384 Ter.
741 3323 864 3383 Phorm.
888 3324 928 3396 ll,
948 3324 973 3397 1,
1000 3323 1047 3384 13.
1070 3325 1162 3385 allata
1183 3337 1253 3382 nam
1274 3317 1347 3393 quid

214 3427 388 3502 uPyrrlro,
418 3425 604 3499 Hannibale,
632 3424 692 3488 nisi
721 3426 806 3501 quud
833 3424 875 3484 ibi
907 3432 1053 3504 conupte
1077 3428 1195 3503 quidem
1217 3428 1266 3482 est
1287 3435 1351 3496 pro.

214 3528 308 3603 quid,
331 3533 436 3588 tamen
464 3527 557 3601 haec,
592 3544 696 3603 neque
726 3529 922 3604 corruptelae
954 3534 1078 3602 natura,
1110 3542 1212 3602 neque
1233 3518 1346 3584 Donati
1436 3539 1441 3547 ·

214 3635 318 3690 mente
339 3637 522 3706 perspecta,
548 3629 579 3690 in
604 3630 655 3690 ed.
679 3630 832 3694 mai.1no.
854 3629 926 3690 112.
949 3636 983 3690 ut
1007 3647 1124 3693 novum
1146 3628 1267 3702 Fragm.
1288 3641 1346 3700 po-

215 3730 285 3792 suit.
309 3765 351 3777 -
373 3731 457 3806 Quae
475 3732 615 3792 Donatus
638 3732 678 3793 ad
699 3733 768 3793 Ter.
783 3734 844 3794 Ad.
868 3731 969 3807 111,2,
993 3732 1041 3794 12.
1063 3728 1241 3794 memoriter
1256 3721 1347 3802 affert

214 3851 308 3910 neque
330 3837 429 3895 animo
450 3849 544 3915 neque
564 3837 669 3910 linono
689 3841 762 3898 sctis
777 3834 946 3913 compotem,
968 3836 1075 3913 aperte
1096 3831 1192 3912 petita
1212 3835 1284 3892 sunt
1305 3845 1346 3890 ex

215 3953 253 3998 eo
273 3933 478 3996 Historiarum
499 3937 581 4011 loco,
602 3938 689 4000 cuius
708 3938 832 4016 plenius
850 3937 971 4014 Fragm.
995 3936 1025 3997 in
1049 3941 1156 3997 nostra
1179 3934 1229 3994 ed.
1252 3937 1301 3994 est
1322 3932 1344 4005 l,

215 4036 281 4112 88.;
306 4036 486 4100 Gerlachius
509 4045 612 4105 tamen
631 4058 690 4118 pro
717 4039 849 4101 diversis
868 4040 988 4100 habens
1009 4039 1140 4100 alterum
1158 4039 1181 4111 l,
1199 4035 1251 4096 24.
1273 4037 1345 4095 alte·

214 4158 282 4202 rum
300 4142 363 4202 Ino.
386 4139 438 4201 59.
461 4141 607 4208 exhibuit.
629 4175 672 4190 —
695 4143 801 4204 Verba
822 4144 866 4202 ud
887 4143 1046 4218 Goyman,
1073 4140 1204 4202 aPrisc.
1224 4138 1291 4212 XV,
1306 4135 1345 4211 -2,

215 4243 244 4305 9.
264 4261 297 4319 p.
312 4241 383 4304 618.
407 4244 545 4321 laudata,
570 4246 694 4322 quael,
718 4243 769 4303 57.
791 4243 899 4316 habet,
923 4259 979 4304 cur
1000 4257 1116 4302 novum
1135 4241 1257 4317 Frugrn.
1272 4255 1346 4300 esse

213 4348 322 4422 vellet,
345 4363 409 4412 non
428 4345 616 4424 intelligitur,
637 4363 732 4423 quum
754 4344 785 4406 in
805 4362 860 4419 eo,
884 4344 970 4420 quod
989 4341 1031 4414 illi
1045 4349 1100 4435 est
1117 4343 1145 4417 l,
1168 4345 1230 4418 55,
1254 4340 1346 4409 nobis
1455 4341 1460 4354 ’
