3098 4970
223 381 285 452 136
588 387 619 446 C.
638 386 812 447 Sallusti
829 387 943 446 CRISPl

326 583 378 648 23.
420 573 575 666 Receptis
595 573 764 666 plerisque
787 570 895 665 signis
914 569 1108 644 militaribus
1126 595 1205 652 eum
1225 575 1318 647 Laeli

113 747 115 753 -
224 722 375 794 corpore.

329 831 380 898 at.
421 825 509 894 Inter
530 823 627 894 laeva
654 820 820 895 moenium
850 823 884 890 et
907 821 1061 894 dextrum
1085 822 1208 894 flumen
1246 827 1319 922 Tuf-

226 954 324 1039 riam‚
348 949 437 1046 quod
464 947 651 1018 Valentiam
677 968 783 1041 parvo
807 946 982 1019 intervallo
1008 947 1222 1040 praeterfluit.

223 1157 381 1227 scendunt,
394 1157 432 1211 ita
448 1161 476 1211 ut
489 1156 517 1209 ιἰι
526 1155 623 1226 plinta
633 1157 718 1224 parte
733 1154 812 1208 leves
829 1151 986 1224 Hispanos,
1011 1153 1173 1224 aptissimos
1191 1155 1228 1212 ad
1243 1157 1317 1214 turta

226 1246 377 1309 bellorum,
395 1245 546 1312 ponerent,
562 1239 659 1310 paullo
674 1238 788 1293 irttcriua
803 1244 942 1306 scutatos,
960 1237 988 1292 in
1003 1241 1181 1296 remotissimo
1197 1242 1317 1312 equites.

226 1330 268 1386 Ne
283 1327 393 1382 fremitu
408 1339 544 1396 equorum
559 1323 682 1394 cogitata
695 1321 899 1394 proderentur,
922 1322 1070 1393 quiescere
1088 1340 1187 1380 omnes
1206 1327 1316 1382 silentio

227 1419 339 1470 servato
362 1411 391 1466 in
411 1410 510 1466 horam
532 1409 642 1464 tertiam
662 1406 718 1464 diei
733 1408 820 1462 iubet.
851 1407 942 1476 Quum
964 1405 1068 1482 deiude
1085 1409 1249 1480 Pompeiani
1272 1429 1316 1468 se·

226 1499 286 1554 curi
306 1495 469 1566 oneratique
488 1494 591 1566 pabulo
614 1492 649 1546 de
669 1492 763 1548 reditu
783 1492 952 1563 cogitarent,
981 1497 1009 1546 et
1031 1493 1050 1548 ii
1070 1509 1199 1564 quoque,
1220 1496 1268 1566 qui
1289 1497 1317 1552 in

226 1585 346 1640 statione
361 1582 485 1646 lucrant,
507 1579 599 1648 quiete
618 1577 725 1634 invitati
745 1577 783 1631 ad
798 1578 931 1647 pabulum
952 1577 1143 1649 colligendum
1160 1579 1319 1638 dilaberen-

226 1673 286 1736 tur,
310 1665 407 1722 emissi
423 1664 543 1736 primum
559 1662 677 1732 Hispani
699 1661 848 1718 velocitate
863 1661 960 1734 gentili
976 1663 1004 1716 in
1019 1665 1148 1734 palantes
1168 1663 1317 1723 effundun-

226 1758 286 1820 tur,
310 1756 337 1804 ct
358 1750 563 1805 convulnerant
585 1746 813 1816 contunduntque
835 1745 905 1802 nihil
925 1748 979 1802 talc
1000 1753 1215 1820 exspectantes3
1236 1751 1315 1822 prius

228 1835 346 1902 deinde,
375 1849 458 1904 quam
482 1831 576 1886 resisti
596 1830 641 1886 his
664 1831 818 1902 inciperet,
847 1831 947 1886 scutati
968 1839 1117 1904 erumpunt
1138 1849 1154 1888 e
1175 1835 1264 1904 saltu,
1289 1841 1317 1891 et
1379 1836 1382 1841 '

226 1921 380 1976 redeuntes
401 1919 430 1973 in
450 1915 579 1972 ordinem
597 1921 779 1972 consternunt
800 1922 982 1986 vertuntquc3
1015 1918 1186 1990 fugientibus
1207 1922 1315 1992 equites

228 2004 347 2061 immissi
366 2009 423 2058 toto
451 2018 500 2056 eos
522 2001 628 2072 spatio,
656 2018 711 2073 quo
738 2000 910 2056 redibatur
904 2017 932 2054 m
953 2007 1060 2070 eastra,
1089 2005 1230 2074 persecuti
1250 2023 1315 2062 eae·

229 2090 304 2146 dunt
318 2128 392 2146 .....
404 2087 464 2142 ΙΙοο
478 2087 600 2158 primum
613 2086 751 2181 proelium
766 2087 837 2141 mter
846 2085 1001 2142 Sertorium
1016 2093 1044 2140 et
1057 2087 1220 2159 Pompeium
1235 2090 1316 2146 tuit.“

227 2177 264 2232 ci.
289 2174 412 2270 Appiam.
429 2173 461 2228 B.
478 2169 507 2226 C.
530 2171 550 2238 Ι,
567 2173 626 2228 109.
645 2155 774 2244 Ἀφικομ
776 2155 896 2226 έ’νονδ
916 2155 1126 2265 ἒςἸβηρίαν(
1114 2153 1316 2271 (Πομτρηΐον),

227 2244 360 2316 edelna‘
348 2275 364 2313 ο
379 2243 543 2350 Σερτωριος
556 2247 636 2322 τέλος
649 2254 736 2324 οΙον,
755 2247 802 2310 eet
816 2250 1005 2351 χορτολογίαν
1020 2243 1167 2328 ἐξιὸν,’
1130 2258 1230 2326 αυτοῖς
1242 2247 1316 2316 dero-

227 2339 337 2418 {optare
356 2335 408 2398 καὶ
425 2329 594 2434 θεράπουσι
613 2333 777 2411 συνέκοψε,
801 2332 852 2398 nat
866 2331 1021 2415 Λαύρωνα
1041 2331 1130 2398 πόλιν
1152 2335 1317 2418 ἐφορῶντος

227 2419 319 2485 αὐτον
306 2422 487 2500 Πομπηΐου
500 2413 643 2499 διήρπασε
653 2417 704 2480 καὶ
715 2417 909 2494 κατέσκαψεν.
932 2425 972 2480 lle
985 2424 1086 2480 eadem
1098 2443 1128 2480 re
1141 2443 1170 2482 v.
1179 2427 1317 2486 Plutarch

228 2515 257 2570 in
272 2511 378 2568 Sertor.
397 2528 423 2566 c.
442 2514 483 2568 18.
511 2509 660 2564 Praeterea
676 2509 712 2564 cl.
730 2509 811 2563 ctiam
829 2508 874 2562 Fr.
889 2509 948 2565 Inc.
964 2516 1008 2568 10·

312 2597 358 2652 Fr.
373 2599 418 2654 93.
451 2594 549 2663 [Deest
568 2592 645 2664 apud
660 2591 796 2662 Cortium,
821 2593 999 2650 Gerlachium
1021 2593 1068 2650 ed.
1084 2597 1148 2650 mai.
1166 2605 1194 2653 et
1208 2599 1275 2654 min.
1290 2604 1318 2653 et

228 2679 433 2747 Debrossium.]
472 2669 670 2750 Fragmentum
691 2679 817 2734 servavit
838 2677 1045 2734 commentator
1068 2686 1149 2738 vetus
1171 2681 1208 2738 ad
1227 2683 1316 2739 Cicer.

228 2784 271 2822 or.
294 2783 323 2837 p.
339 2765 457 2831 Flacco,
480 2762 556 2834 apud
571 2761 659 2835 Aug.
675 2763 802 2820 Nlaium
822 2764 851 2818 in
866 2761 949 2820 Auel.
966 2762 1055 2820 Class.
1073 2764 1153 2820 Tom.
1169 2767 1200 2824 ΙΙ.
1221 2773 1316 2838 p.16.,

228 2852 275 2910 ubi
290 2851 361 2907 haec
380 2849 525 2920 leguntur:
553 2847 641 2916 „Sed
655 2849 730 2904 euim
746 2847 821 2921 quod
836 2853 984 2921 paternum
1000 2850 1121 2906 amicum
1135 2849 1187 2906 Cn.
1200 2853 1315 2924 Pompei

227 2936 353 2992 Laelium
375 2934 455 3002 dicit,
477 2933 577 3005 opinor
594 2932 631 2989 ad
647 2940 755 3006 tempus
776 2934 842 2990 belli
859 2932 1013 2992 Sertoriani
1037 2951 1101 2990 esse
1126 2937 1314 3005 referendum,

227 3039 282 3093 quo
304 3019 408 3076 ibidem
423 3019 535 3074 Laelius
558 3025 638 3090 pater
658 3018 743 3079 huius
764 3021 798 3076 ab
818 3019 999 3074 Hirtuleianis
1021 3020 1185 3080 interiectus
1209 3027 1265 3090 est,
1288 3029 1318 3078 ut

226 3105 440 3172 citSclluatr’us,
464 3105 626 3176 receptis
647 3105 837 3176 plerisque
859 3103 979 3174 signis
1000 3103 1222 3162 militaribus
1238 3123 1315 3162 cum

225 3193 323 3248 Laeli
346 3192 531 3261 corpore.“
565 3189 674 3255 Verba,
696 3203 768 3259 quae
784 3186 906 3242 diductis
923 3189 1020 3244 litteris
1035 3189 1220 3262 exprimenda
1234 3208 1314 3246 cura-

224 3278 328 3344 vimus,
350 3291 418 3331 num
435 3275 496 3328 sola
510 3272 636 3330 Sallustii
651 3271 715 3340 sint,
735 3287 771 3325 an
786 3273 919 3326 nonnulla
933 3273 1017 3330 etiarn
1033 3289 1070 3326 ex
1082 3275 1315 3332 antecedentibus

225 3363 252 3415 ei
273 3360 355 3416 tribui
375 3359 512 3423 debeant,
535 3357 564 3410 in
584 3355 689 3410 incerto
710 3355 930 3432 relinquendum,
946 3365 1005 3430 est3
1033 3357 1084 3414 sed
1100 3360 1167 3431 quin
1185 3367 1261 3418 recte
1278 3360 1316 3416 ad

223 3444 375 3500 secundum
395 3441 588 3510 Historiarum⁴
605 3440 703 3494 librum
731 3456 766 3495 ea
792 3442 969 3498 retulerimus
992 3459 1048 3497 non
1070 3449 1163 3516 potest
1185 3444 1314 3514 dubitari,

225 3545 311 3600 quum
330 3527 360 3582 iu
383 3525 473 3597 primo
493 3524 528 3579 de
544 3524 677 3596 Pompeio
697 3525 821 3581 nondum
844 3527 948 3582 dictum
968 3528 1059 3582 luerit.
1094 3529 1203 3586 Rursus
1223 3537 1315 3586 autem

224 3613 388 3684 ambiguum
411 3615 469 3678 est,
498 3625 620 3680 quanam
638 3626 736 3682 pugna
756 3612 870 3668 Laelius
896 3627 913 3666 a
935 3612 1114 3669 Hirtuleianis
1136 3631 1239 3670 caesus
1263 3616 1313 3682 sit3

225 3714 311 3770 quare
328 3694 397 3752 nihil
413 3694 489 3750 aliud
505 3700 597 3766 potest
611 3695 757 3764 constitui,
779 3713 862 3767 quam
878 3701 941 3752 ante
955 3714 1081 3769 pugnam
1099 3698 1136 3753 ad
1149 3697 1314 3771 Segoviam,

224 3800 280 3855 qua
302 3779 468 3838 occiderunt
487 3780 614 3836 Hirtuleii
634 3783 676 3850 (v.
692 3781 767 3836 Flor.
785 3782 831 3849 ΙΙΙ,
846 3787 891 3850 99,
906 3783 964 3850 7.),
994 3783 1118 3848 Laelium
1139 3783 1315 3840 interiectum

225 3885 305 3936 esse,
336 3865 383 3938 qui
409 3865 554 3937 inpugna
574 3866 747 3922 Lauronensi
774 3866 867 3922 adhue
892 3867 977 3938 legati
1000 3882 1118 3924 munere
1141 3869 1315 3942 iungeretur,

223 3959 294 4010 teste
311 3951 442 4008 Frontino
458 3950 627 4022 Stratcgem.
642 3952 675 4019 ΙΙ,
692 3957 718 4019 5,
733 3955 775 4009 31.

307 4037 352 4092 Fr.
376 4039 420 4094 24.
450 4034 536 4104 [Cort.
558 4054 587 4107 p.
608 4038 668 4094 957.
694 4035 768 4090 Gerl.
785 4033 838 4089 ed.
862 4035 928 4090 mai.
949 4034 982 4103 ll,
996 4041 1040 4096 12.
1063 4034 1109 4092 ed.
1135 4036 1204 4090 min.
1225 4036 1258 4104 ΙΙ,
1273 4039 1315 4096 42.

222 4141 251 4196 p.
266 4127 328 4190 909,
345 4126 388 4180 18.
403 4121 486 4176 Debr.
504 4120 535 4187 ll,
552 4121 623 4189 l2l.]
659 4120 857 4192 Fragmentum
872 4120 956 4190 plene
972 4126 1063 4176 exstat
1084 4120 1161 4192 apud
1175 4120 1312 4176 Priscian

222 4208 270 4277 Vl,
285 4213 312 4275 2,
326 4210 353 4266 9.
368 4224 396 4278 p.
408 4208 487 4271 999,
511 4205 558 4276 qui
582 4210 730 4276 praeterea
745 4205 869 4274 priorem
889 4203 950 4260 eius
965 4211 1073 4277 partem
1090 4221 1179 4277 usque
1204 4203 1241 4260 ad
1258 4204 1314 4260 Τν-

223 4296 297 4350 riam
313 4308 415 4350 vocem
437 4287 533 4345 laudat
556 4290 626 4344 libro
645 4289 680 4358 V,
696 4293 722 4358 9,
737 4292 765 4348 6.
780 4307 810 4360 p.
826 4293 885 4348 169.
926 4287 974 4346 Ad
991 4288 1112 4358 eupdem
1127 4289 1255 4346 Sallustii
1276 4291 1316 4344 lo-
