3096 4962
425 419 674 482 ursrontattunt
692 419 928 482 FRAGMENTA.
971 419 1038 478 Llss.
1061 423 1084 479 1.
1252 413 1293 482 41

168 627 185 679 a
213 610 321 704 magis
336 605 433 704 quam
451 609 641 682 ulciscendo
659 607 843 680 teneamini.
880 605 1055 680 Satellites'
1066 609 1199 702 quidem
1212 609 1295 697 eius,

145 789 150 798 ,„
213 737 363 812 homines
378 735 521 809 maxumi
540 711 691 821 nominis,
711 734 855 827 optumis
868 734 1028 806 maiomm
1042 734 1215 827 exemplis,
1232 759 1296 808 ne·-

186 941 187 946 ,
213 887 299 957 queo
314 863 395 936 satis
413 844 539 949 mirari,
566 861 621 956 qui
635 859 866 935 dominationis
883 859 916 932 in
930 883 993 932 vos
1010 859 1181 932 sorvitirun
1199 884 1297 935 suum

212 989 396 1064 mercedem
412 989 514 1074 dant,
531 990 564 1062 et
586 990 763 1084 utrumque
785 1011 845 1083 per
859 977 1007 1062 iniuriaui
1025 987 1166 1074 manat,
1198 1011 1296 1085 quarn

120 1253 127 1264 ,
210 1195 606 1281 menstruatarum
619 1211 667 1278 aas
681 1198 883 1279 capiamini,
913 1195 1006 1266 Quare
1021 1211 1106 1268 quum
1121 1205 1217 1255 nostro
1233 1200 1296 1255 loeo
1386 1205 1388 1210 “

210 1299 313 1340 sensas
329 1284 381 1338 sits
397 1301 450 1356 qao
472 1284 568 1341 nobis
588 1285 846 1340 circumventis
861 1282 1039 1338 etr'na'arr'a
1057 1287 1244 1356 oppressis
1263 1285 1295 1339 lr'-

123 1424 126 1430 .
146 1422 149 1427 .
196 1367 323 1428 hortulis
339 1383 439 1424 euram
452 1371 566 1425 numia
577 1355 696 1436 mmai,
718 1383 774 1422 nou
788 1365 970 1422 dubitandum
984 1373 1043 1432 est,
1067 1367 1134 1436 quin
1148 1369 1212 1424 Vat.
1228 1374 1253 1428 1.
1270 1373 1297 1424 et

210 1455 236 1510 3.
258 1451 341 1507 teatio
356 1453 440 1506 unice
457 1469 527 1508 vera
549 1453 594 1507 sit.
609 1483 653 1496 -
674 1451 711 1507 In
722 1451 879 1516 vitandis
884 1449 1019 1522 perieulis
1031 1465 1066 1504 ex
1081 1450 1173 1508 Vatia.
1190 1459 1217 1510 1.
1233 1469 1296 1508 eum

140 1541 148 1562 '
212 1535 317 1592 Orellio
332 1537 497 1609 scripsimus
506 1552 514 1604 ;
532 1537 620 1592 aeteri
636 1536 720 1592 codd.
730 1542 769 1592 et
779 1534 846 1590 edd.
863 1549 959 1592 omnes
973 1532 1078 1590 babent
1091 1535 1121 1590 in
1136 1536 1298 1592 tutandis
1339 1601 1349 1611 ,

207 1636 283 1692 μεν,
304 1621 381 1694 quod
395 1621 457 1681 sive
472 1622 617 1678 oculorum
629 1627 723 1679 errore
742 1621 804 1677 sive
819 1619 1032 1691 interpolatione
1047 1625 1137 1677 ortum
1147 1623 1240 1678 multo
1255 1626 1298 1678 est

211 1706 335 1762 deterius
355 1712 382 1760 et
400 1721 418 1760 a
433 1705 559 1764 Sallustii
580 1705 692 1762 dicendi
712 1723 790 1762 more
812 1704 952 1762 abhorret.
968 1733 1012 1748 ·-··
1045 1703 1119 1760 Ante
1141 1706 1298 1764 aleam

109 1837 112 1842 .
208 1793 237 1846 in
253 1790 320 1848 edd.
333 1787 428 1860 Gortii,
443 1791 561 1848 Weissii
577 1788 773 1863 nonnullisque
786 1791 849 1848 aliis
868 1788 996 1846 additum
1012 1796 1056 1848 ost
1071 1792 1109 1861 in,
1124 1791 1296 1865 quodquam
1354 1833 1360 1841 .

107 1904 111 1909 .
208 1878 243 1938 in,
260 1878 337 1934 nullo
360 1876 426 1936 ood.
449 1881 557 1945 exstet,
582 1894 645 1934 oum
668 1877 816 1934 Gerlaohio
840 1883 867 1932 et
884 1874 988 1931 Orellio
1009 1875 1165 1934 omisimus.
1196 1879 1297 1948 Quam·

163 2015 165 2020 ,
208 1979 291 2035 quam
303 1966 398 2025 autem
411 1961 566 2018 seeundum
581 1978 625 2031 ea,
645 1979 716 2035 quae
730 1962 767 2018 ad
779 1960 858 2019 Catil.
873 1977 899 2016 oc
913 1959 1008 2030 XLIX,
1024 1968 1050 2020 1.
1067 1967 1094 2016 et
1106 1961 1134 2016 in
1146 1963 1296 2018 Grammat.

150 2067 158 2080 ⁸
198 2049 255 2102 lat.
266 2051 360 2102 nostr.
377 2051 402 2112 s.
420 2049 486 2116 13⁰,
502 2049 531 2110 s..
546 2064 574 2119 p·
591 2051 652 2108 416.
668 2048 704 2103 de
716 2046 875 2104 reiteranda
889 2046 1098 2118 praepositione
1115 2046 1248 2115 diximus,
1266 2047 1295 2103 h.

170 2191 178 2202 ¹
208 2133 227 2186 l.
243 2134 273 2189 tn
285 2130 470 2204 repetendum
486 2131 574 2189 luisse
595 2133 750 2204 putaveris,
772 2138 864 2188 tamen
880 2131 909 2186 in
923 2132 1080 2202 posteriore
1097 2135 1221 2189 membro
1240 2147 1296 2188 non
1384 2201 1392 2214 ,

207 2217 333 2285 incuria,
362 2232 455 2287 neque
479 2207 703 2274 oo'variannam
727 2220 895 2272 structuram
909 2214 1062 2282 omissum,
1086 2216 1139 2272 sed
1153 2217 1247 2288 potius
1270 2217 1296 2272 in

146 2367 148 2372 ,
207 2301 302 2374 priore
318 2307 433 2372 propter
448 2301 621 2373 singularem
640 2317 672 2356 aa
691 2299 863 2358 subtiliorem
881 2298 1023 2372 quandum
1042 2315 1144 2358 sensus
1161 2301 1297 2358 rationem

209 2385 336 2444 additum
349 2385 472 2443 ridetur.
498 2385 569 2442 Nam
582 2403 666 2458 quum
675 2383 769 2444 'aaran
777 2385 903 2458 aliqua
917 2399 955 2440 re
968 2383 1108 2456 significet
1125 2389 1297 2444 totumalr'-

94 2513 100 2522 .
207 2477 481 2545 paorsoooupotam
497 2473 526 2527 in
540 2486 627 2546 eaque
639 2485 797 2544 prorsas
813 2470 976 2544 defixam
991 2485 1051 2528 essa
1064 2472 1122 2552 (el.
1139 2469 1196 2527 cic.
1210 2471 1246 2528 de
1261 2474 1296 2530 N.

207 2558 240 2612 D.
257 2558 284 2624 l,
299 2560 333 2615 17
341 2597 349 2625 ,
364 2561 408 2616 45.
439 2555 551 2614 Arata.
568 2559 716 2626 1,r‚4.),
734 2556 885 2616 Sallustius
903 2555 973 2612 dixit
990 2557 1025 2612 in
1042 2555 1250 2630 nitaadmpar„
1267 2563 1297 2614 ut

146 2669 148 2674 v
208 2641 381 2714 signiticaret
394 2643 491 2699 timere
508 2659 553 2712 se,
568 2659 604 2698 ne
619 2643 709 2715 plebis
725 2643 771 2699 vis
787 2644 816 2698 in
831 2641 946 2715 subulis
959 2643 1092 2713 perimatis
1108 2642 1226 2700 vitandis
1239 2644 1296 2700 alts-

204 2731 343 2800 parantur
359 2729 473 2799 potius,
498 2722 583 2800 quam
599 2727 756 2784 eoniunotis
775 2727 898 2808 omnium
916 2726 1017 2784 studiis
1041 2733 1098 2784 tota
1117 2729 1145 2784 in
1163 2729 1296 2786 ultionem

209 2814 315 2868 intenta
330 2813 375 2868 sit.
523 2866 527 2871 ,
711 2863 714 2868 .

292 2903 317 2964 s.
339 2903 367 2954 2.
403 2897 550 2964 satellites)
588 2896 651 2952 Non
674 2895 790 2966 intelligi
804 2895 960 2966 stipatores
977 2899 1104 2970 eorporis
1123 2914 1175 2971 per
1193 2915 1225 2954 se
1247 2916 1297 2972 pa-

207 2988 264 3049 tet3
288 2979 341 3036 sed
364 2980 588 3038 invidiosissimo
610 2981 723 3036 nomine
748 2978 941 3049 significantur
955 2983 1089 3050 mobiles,
1112 2985 1158 3055 qui
1180 2999 1196 3037 a
1218 2982 1297 3040 Sulla

209 3066 311 3140 opibus
330 3064 542 3138 honoribusque
558 3065 632 3120 aucti
654 3064 716 3119 eius
737 3077 858 3120 caussae
872 3062 1005 3118 favebant
1025 3071 1052 3120 et
1070 3083 1122 3136 pro
1138 3066 1200 3122 eius
1220 3063 1298 3135 insti-

209 3152 274 3208 tutis
297 3167 331 3206 ao
351 3151 462 3224 legibus
484 3151 585 3208 aeriter
606 3151 774 3206 nitebantur.
812 3147 880 3204 Post
900 3149 1017 3204 mnas
1038 3150 1067 3204 in
1088 3150 1218 3205 omnibus
1239 3152 1297 3206 tere

166 3224 168 3228 ’
209 3235 286 3292 editt.
303 3235 356 3292 sed
371 3237 400 3292 in
415 3236 492 3292 nullo
510 3235 574 3292 eorl.
589 3236 693 3308 legitur
706 3248 762 3290 non
775 3233 883 3295 minasr
899 3232 1074 3306 quodquam
1088 3251 1140 3306 per
1156 3249 1191 3292 se
1201 3236 1297 3291 absur-

141 3313 142 3316 '
210 3321 276 3378 dum
291 3321 336 3388 sit,
354 3322 485 3378 codicum
506 3320 563 3376 fide
579 3325 683 3389 eareat,
707 3325 735 3376 et
749 3323 845 3391 aperte
868 3315 1057 3391 dittographia
1071 3336 1108 3375 ex
1124 3333 1296 3393 praegresso

133 3477 136 3482 Ι
208 3406 348 3460 vocabulo
361 3408 458 3474 ¹ortum
484 3407 533 3474 sit,
558 3423 621 3462 oum
643 3405 717 3462 Gerl.
740 3408 769 3460 et
788 3403 892 3460 Orellio
908 3402 1074 3462 delevimus.
1097 3407 1134 3462 ol.
1156 3421 1241 3476 supra
1260 3403 1296 3460 atl

141 3501 143 3508 ’
208 3491 254 3546 Fr.
270 3489 298 3556 l,
313 3493 358 3548 33.
374 3523 417 3532 ——
443 3490 568 3547 Ablativi
585 3491 742 3563 qualitatls,
757 3491 874 3561 optumis
889 3490 1025 3548 maiorum
1038 3493 1183 3564 samarias,
1199 3490 1295 3562 paullo

205 3573 325 3650 ¹liberius
343 3574 444 3644 positi,
472 3575 583 3630 valent:
612 3575 709 3648 quibas
724 3578 835 3646 optanta
850 3575 987 3636 matorum
1000 3578 1130 3650 exemplo
1145 3580 1224 3643 sant,
1249 3576 1295 3630 vel

207 3658 305 3733 quibat
319 3659 441 3716 maiores
455 3663 567 3731 optuma
581 3659 729 3716 honestatis
743 3659 872 3732 exemplu
887 3660 1065 3732 reliquerunt.
1081 3691 1117 3705 -
1147 3659 1201 3730 aa
1209 3661 1295 3716 domi-

208 3745 326 3802 nationis
340 3745 369 3800 in
388 3757 436 3800 vos
449 3743 586 3800 eodionm·
595 3745 758 3800 auctoritate
772 3761 836 3800 aum
850 3745 925 3806 Gerl.
942 3752 969 3800 et
988 3745 1094 3806 Orellio
1111 3746 1295 3818 soripsimus;

208 3846 273 3885 nam
289 3826 418 3897 Cottius,
439 3828 585 3885 Gruterum
600 3834 728 3898 seoutus,
752 3829 887 3886 omiserat
899 3831 959 3902 pai,
977 3847 1032 3902 quo
1048 3819 1138 3887 oratio
1154 3830 1239 3887 valde
1254 3828 1296 3885 hi·
1381 3821 1393 3840 ⁸

208 3916 273 3970 uloa
293 3914 368 3970 trata
386 3919 438 3970 est.
468 3913 537 3972 atio
554 3913 639 3969 modo
661 3919 808 3984 peceatum
830 3915 881 3970 luit
902 3915 930 3968 in
951 3915 1091 3972 Gerlaolrii
1112 3916 1160 3972 ed.
1179 3915 1296 3983 maiore,

209 4000 256 4056 ubi
264 4000 370 4070 pariter
380 4006 477 4062 eontra
485 3997 569 4056 codd.
579 4012 647 4060 satas
658 3996 794 4054 insertum
802 3999 905 4074 legitur
915 4004 981 4071 post
988 4000 1186 4068 mantonis,
1201 4001 1295 4070 inepto

205 4099 313 4152 sensu3
336 4099 402 4140 nam
417 4101 501 4156 quum
520 4085 661 4158 oppositio
678 4085 832 4140 sententiae
850 4101 906 4140 non
921 4083 1006 4141 modo
1023 4091 1153 4142 cernatur
1168 4085 1197 4140 in
1211 4101 1296 4141 voea-

210 4169 283 4225 bulis
303 4169 494 4228 donintona
513 4176 541 4224 et
555 4169 784 4239 saumonem
802 4170 998 4243 multomagis
1021 4171 1049 4225 in
1066 4171 1183 4226 vocibus
1202 4173 1231 4226 in
1248 4183 1296 4224 uos

210 4259 238 4308 et
251 4268 340 4324 sanna
354 4254 425 4310 haee
439 4271 624 4327 personarum
636 4253 776 4327 oppositio
791 4260 908 4326 prorsus
922 4253 1099 4332 pervertitur,
1116 4254 1218 4310 eodem
1230 4269 1295 4325 pro·

210 4339 322 4394 nomine
337 4341 522 4412 possessivo,
546 4339 623 4414 quod
638 4341 666 4396 in
680 4340 836 4412 posteriore
851 4341 974 4400 membro
991 4342 1183 4400 necessarium
1202 4341 1293 4395 locum
1360 4398 1362 4402 ,
