3062 4958
444 421 693 484 nrsronrnuou
714 419 948 483 FRAGMENTA.
992 427 1058 483 tra.
1079 425 1126 482 ιν.
1261 416 1326 487 663

342 619 394 682 62.
439 595 793 684 0666666660666666
818 613 930 705 potius
950 612 1111 707 collegae,
1131 635 1229 707 quarn
1249 614 1325 684 boni

237 740 294 806 aut
314 737 389 807 mali
416 739 537 830 publici
564 739 682 832 gravis
704 742 828 809 auctor.

338 869 390 934 63.
435 863 686 958 suspectusque
702 863 780 950 suit,
803 863 962 934 incertum
987 881 1152 948 vero‚1an
1177 883 1238 956 per
1258 885 1323 934 ne-

236 988 458 1083 glegentiam,
487 991 686 1061 societatem
702 989 899 1082 praedarum
927 1010 1001 1059 curn
1026 987 1209 1060 latronibus
1229 1011 1324 1060 com-

236 1114 402 1206 posuisse.

1083 1299 1089 1328 ,
1198 1311 1201 1316 .

317 1357 363 1412 Fr.
378 1361 423 1416 61.
457 1352 554 1430 [Deest
575 1356 652 1429 apud
673 1355 759 1426 Cort,
782 1355 856 1412 Gerl.
877 1355 923 1410 ed.
945 1355 1011 1412 mai.
1028 1359 1055 1410 et
1076 1354 1158 1410 Febr.
1179 1384 1222 1396 —·
1245 1356 1319 1412 Gerl.

183 1513 187 1524 .
236 1438 282 1494 ed.
296 1442 363 1497 min.
382 1441 429 1510 IV,
446 1442 488 1499 76.
504 1458 531 1513 p.
546 1446 606 1511 230,
623 1440 680 1517 to]
714 1439 773 1496 Hoc
789 1455 900 1512 666666
915 1440 1026 1511 Fragm.
1040 1438 1156 1494 debetur
1172 1439 1235 1495 cod.
1248 1441 1320 1501 Gud.

236 1525 371 1582 drusiani
388 1543 416 1582 v.
434 1529 581 1600 paciscor,
602 1543 631 1598 p.
656 1525 717 1586 261.
738 1525 783 1580 66.
807 1524 933 1580 Lindem.
964 1525 1049 1580 Gaius
1070 1524 1136 1583 Piso
1161 1526 1280 1580 tortasse
1296 1528 1319 1584 is

235 1615 287 1681 est,
303 1613 350 1682 qui
365 1628 392 1667 a.
406 1613 452 1670 67.
467 1629 494 1668 a.
511 1611 576 1668 Chr.
590 1629 616 1668 n.
630 1613 728 1668 consul
743 1611 808 1680 luit;
825 1611 970 1682 quievero
988 1612 1022 1668 ab
1042 1625 1075 1666 eo
1091 1610 1232 1682 pepigerit
1252 1617 1319 1667 sest.

234 1697 339 1766 tricies,
356 1697 416 1752 erui
432 1700 537 1770 nequit.
590 1721 592 1725 ’

318 1779 363 1837 Fr.
377 1785 422 1841 62.
448 1779 545 1856 [06666
559 1781 635 1854 apud
646 1780 734 1851 Cort,
750 1781 824 1838 Gerl.
840 1781 886 1838 66.
902 1782 968 1836 mai.
986 1785 1013 1835 et
1028 1781 1111 1837 Debr.
1126 1809 1169 1820 -
1183 1780 1257 1836 Gerl.
1273 1781 1320 1838 ed.

232 1867 301 1922 min.
316 1868 363 1937 lV,
384 1871 429 1928 73.
450 1886 478 1941 p
493 1872 556 1937 230,
571 1869 612 1935 Sl
648 1867 744 1924 Verba
759 1867 855 1924 itidem
872 1867 999 1924 servavit
1015 1865 1079 1922 cod.
1096 1865 1167 1922 Gud.
1184 1866 1319 1924 drusiani

234 1969 262 2006 v.
285 1951 454 2024 obtrectans,
476 1970 504 2025 p.
520 1959 582 2012 260.
597 1952 726 2008 Lindem.
756 1954 795 2008 Dc
812 1953 997 2009 simultadbus
1015 1969 1062 2023 agr
1076 1969 1104 2007 rn
1119 1958 1250 2024 promptu
1265 1960 1319 2022 666

234 2054 305 2109 quae
331 2036 433 2094 Crasso
458 2055 520 2094 cum
542 2039 704 2110 Pompeio'
697 2055 725 2092 rn
744 2041 893 2096 consulatu
914 2037 1140 2106 intercedebant,
1165 2037 1201 2092 de
1217 2054 1272 2109 qua
1287 2055 1317 2093 re

233 2123 268 2176 66.
285 2123 377 2178 Plut'
370 2139 399 2177 tn
415 2121 510 2180 Crass.
527 2141 552 2178 ο.
568 2127 612 2181 12.
644 2112 690 2180 Ου
703 2141 765 2197 μην
779 2118 898 2220 ἔμειναν
911 2124 965 2190 (66
980 2111 1099 2178 Crassus
1115 2128 1142 2177 66
1143 2124 1318 2220 Pompeius)
1363 2121 1364 2126 ’

233 2200 280 2262 ἐπὶ
303 2197 409 2281 ταύτης
433 2207 489 2281 τῆς
508 2195 731 2303 φιλοφροσύνης
752 2202 794 2276 εἰς
822 2195 877 2282 τὴν
899 2192 1005 2302 ἀρχὴν
1021 2194 1231 2279 καταστάντες,
1253 2191 1317 2264 dtt'

232 2278 348 2387 66666
357 2287 421 2348 δεῖν
427 2286 507 2395 ἱ6666
526 2305 648 2348 τιοιντων
669 2281 876 2396 διαφερόμενοι
897 2285 947 2347 καὶ
961 2281 1060 2390 ιιβντοι
1076 2287 1317 2361 δυσκολαίνοντες

233 2363 371 2476 ἀλλήλοις
385 2393 439 2434 nou
427 2371 687 2452 φιλονεικοῦντες
702 2365 892 2434 ιιιιολίτευτου
907 2365 997 2432 ucl'‘
977 2387 1130 2453 ιιιτριιιιτον
1144 2364 1246 2446 αὖτοις
1262 2367 1318 2452 τὴν

231 2451 374 2520 dometur
389 2455 537 2538 66666666.
568 2462 633 2518 Ι6.“
626 2480 654 2517 rn
670 2465 766 2562 Pomp.
783 2479 806 2522 6.
818 2469 861 2522 22.
889 2450 1156 2560 ’Anotepetmffl
1137 2477 1244 2518 υττιιτοι
1259 2465 1315 2532 (sc

233 2547 353 2604 Crassus
365 2554 392 2604 et
401 2547 513 2622 Pomp.)
529 2541 752 2626 διεφέροντο’
709 2564 816 2647 πυντιι,
827 2567 878 2605 ιιοιι
869 2541 1091 2624 τιροςέιιρουον
1101 2533 1250 2644 ἀλληλοις
1265 2541 1316 2604 eat
1421 2573 1425 2580 ·

233 2627 265 2690 ἐν
284 2625 338 2708 μὲν
353 2633 389 2711 τῇ
409 2631 503 2728 βουλῇ
517 2631 630 2732 μᾶλλον
643 2629 743 2709 ισχυεν
756 2652 772 2690 ο
788 2625 962 2744 Quocum}
948 2625 1035 2689 {dlv
1040 2651 1081 2712 τῳ
1068 2622 1182 2714 δήμῳ
1195 2622 1311 2711 μέγα
1282 2651 1317 2690 τ6

121 2807 123 2811 ¹
232 2716 394 2793 Ilopwrptou
407 2709 514 2800 κράτος
527 2701 577 2793 ἦν.

317 2803 363 2858 Fr.
377 2808 423 2862 63.
454 2797 541 2871 [Gort.
565 2821 594 2875 p.
615 2807 676 2862 990
708 2803 782 2859 Gerl.
804 2803 850 2858 ed.
872 2803 939 2860 mai.
954 2802 1000 2868 IV,
1020 2807 1060 2862 18.
1075 2803 1122 2857 66.
1140 2806 1208 2859 min.
1223 2786 1313 2874 IV,7.
1366 2816 1368 2820 ’

232 2905 261 2960 p.
279 2893 340 2958 226,
362 2891 405 2946 13.
421 2889 506 2943 Debr.
521 2889 568 2956 IV,
586 2885 643 2960 33]
675 2888 760 2959 Apud
781 2889 902 2944 Nonium
925 2887 973 2956 IV,
989 2891 1033 2946 62.
1051 2904 1079 2958 p.
1092 2893 1155 2958 260,
1173 2893 1219 2949 31.
1241 2889 1313 2946 6666

234 2975 271 3030 ito
293 2978 419 3041 exstant,
438 2979 471 3027 ut
495 2990 546 3044 pro
572 2989 615 3026 οιι
632 2987 689 3044 per
708 2991 738 3028 ιι.
762 2975 872 3044 legatur
887 2987 927 3026 ac
939 2987 996 3044 per
1009 2989 1047 3040 6.,
1064 2989 1115 3044 pro
1130 2977 1314 3046 composuisse

127 3114 129 3119 ,
233 3065 327 3114 autem
346 3059 540 3130 composuisset
554 3058 688 3128 scriptum
704 3059 754 3128 sit,
776 3073 848 3128 quae
868 3056 936 3111 vitia
952 3056 1080 3114 editores
1098 3057 1204 3113 dudum
1222 3067 1313 3114 sustu·

233 3144 333 3203 lerunt.
373 3135 399 3198 Α
420 3143 572 3200 Debrossio
594 3144 622 3197 in
643 3143 767 3198 errorem
789 3141 919 3197 inductus
942 3141 1210 3212 Drumannusllist.
1231 3143 1313 3200 Rom.

233 3229 299 3284 Vol.
314 3229 333 3285 l.
350 3245 375 3300 p.
391 3231 437 3287 63.
468 3227 667 3300 Fragmentum
691 3227 727 3282 de
747 3227 785 3283 Μ.
806 3225 929 3282 Antonio
947 3227 1077 3298 intelligit
1098 3221 1200 3284 bellum
1215 3222 1313 3284 contra

233 3315 338 3386 pirates
354 3319 381 3368 et
395 3310 542 3370 Cretenses
561 3313 781 3382 administrante,
800 3313 846 3368 cui
865 3311 1044 3384 explicationi
1059 3311 1113 3368 hoc
1129 3313 1249 3369 maxime
1263 3317 1313 3371 ob-

233 3406 287 3471 est,
303 3398 379 3472 quod
392 3397 459 3455 Sall.
476 3399 511 3456 de
526 3401 573 3454 illo
588 3401 662 3455 bello
680 3403 757 3454 tertio
772 3399 844 3455 libro
859 3399 988 3468 absolvit,
1003 3399 1039 3453 66.
1056 3398 1101 3458 Fr.
1116 3399 1161 3466 Ill,
1176 3403 1311 3459 69-66,

234 3483 398 3540 Gerlachius
415 3485 444 3538 in
467 3485 512 3541 ed.
531 3485 609 3554 min„
630 3489 760 3557 quantum
782 3483 895 3556 quidem
918 3497 954 3538 ex
974 3485 1037 3540 loco
1053 3483 1211 3555 Fragmenti
1235 3487 1313 3540 colli·

233 3567 320 3641 gitur,
337 3571 425 3624 'verba
443 3570 479 3626 ad
496 3568 661 3644 Spartacum
677 3571 776 3638 refert,
793 3575 968 3642 repugnante
983 3585 1040 3624 non
1055 3569 1146 3624 solum
1160 3573 1310 3628 verborum

233 3671 330 3722 sensu,
344 3652 511 3725 (Spartacus
525 3655 599 3710 enirn
615 3655 661 3727 qui
676 3669 733 3728 per
747 3655 941 3728 neplcpcnticm
955 3656 1099 3726 suspectus
1112 3667 1172 3710 6666
1188 3652 1312 3729 6666666)

142 3787 152 3790 ,,
167 3786 172 3790 .
232 3740 284 3796 666
299 3740 383 3794 etiam
398 3739 454 3794 fide
468 3740 618 3810 historiae,
632 3739 772 3812 siquidem
784 3741 831 3796 ille
843 3756 899 3795 nou
911 3739 948 3796 66
957 3734 1126 3813 praedarum
1139 3731 1311 3808 societatem,

233 3825 286 3882 sed
313 3823 350 3880 ad
376 3825 525 3882 traiectum¹
544 3825 572 3879 in
592 3825 717 3882 Siciliam
739 3825 943 3898 perficiendum
965 3825 1084 3882 consilia
1106 3839 1170 3880 cum
1189 3826 1310 3898 praedo-

231 3913 314 3968 nibus
330 3911 453 3980 contulit,
474 3927 503 3965 v·.
522 3927 608 3982 supra
622 3911 668 3967 Fr.
687 3911 818 3970 29-31.
860 3911 929 3966 Mihi
950 3911 1065 3968 dubium
1086 3917 1219 3982 nonest,
1243 3911 1309 3983 quln

231 3996 302 4052 baec
319 3995 354 4051 66
370 3994 401 4052 C.
416 3996 506 4051 Verre
518 3996 701 4068 intelligenda
719 3997 816 4069 sint-a
830 3995 964 4052 Cicerone
979 4001 1126 4064 accusato,
1150 4010 1233 4068 quam
1248 3997 1308 4050 rem
1366 4041 1371 4049 .

231 4082 349 4138 intanta
363 4082 437 4136 illius
455 4097 575 4137 caussae
591 4082 749 4139 celebritate
770 4097 826 4138 non
841 4073 1066 4139 credibile'esta
1081 4079 1214 4136 Sallustio
1229 4096 1310 4153 prae-

230 4169 390 4224 termissam
406 4167 509 4240 luisse,
525 4183 609 4238 quum
626 4167 700 4226 illius
716 4168 781 4225 anni
797 4185 844 4225 res
861 4169 984 4224 urbanas
996 4171 1160 4237 exponeret.
1186 4166 1309 4220 Videtur

232 4259 325 4308 autem
347 4257 443 4318 auctor
464 4251 574 4321 omnia,
596 4257 668 4323 6666
684 4252 767 4308 Verri
781 4269 817 4308 ex
831 4259 963 4325 praetura
971 4251 1118 4308 *Siciliensi
1130 4249 1251 4306 crimini
1258 4249 1309 4306 de-

230 4343 339 4411 rentur,
360 4339 389 4394 in
403 4353 488 4396 unum
503 4338 714 4412 composuisse,
739 4339 767 4394 in
781 4339 872 4411 iis'que
886 4339 971 4394 etiam
985 4337 1049 4407 boc,
1065 4336 1142 4409 6666
1157 4329 1308 4410 suspectus

317 4462 443 4502 66666666
463 4461 567 4501 resen.
1068 4437 1109 4502 23
