3098 4970
458 381 712 445 ulsroumuuu
739 380 974 442 FRAGMENTA.
1010 381 1077 438 LIB.
1107 382 1128 436 I.
1295 371 1336 436 71

221 560 376 643 'lebant
399 559 433 627 et
453 522 660 650 ignosizendo
686 551 801 646 populi
824 551 963 626 Romani
986 549 1245 645 magnitudinem
1271 576 1337 622 au-

252 684 362 770 xisse,
383 703 546 776 nusquam
565 681 662 753 eliam
684 683 762 750 tune
777 678 936 772 Lepidum
957 700 1175 774 progressum
1197 676 1336 764 aiebant,

253 833 353 905 quum
375 808 504 902 privata
526 831 618 880 arma
639 805 878 899 opprimundae
906 803 1063 879 libertatis
1089 803 1247 896 cepisset,
1276 803 1338 873 sibi

253 936 392 1030 quisque
414 957 498 1026 opes
520 937 577 1004 aut
605 931 787 1026 patrocinia
815 931 1009 1026 quaerundo
1034 929 1208 1001 consilium
1225 930 1338 1022 pubii-

225 1081 327 1138 toum
350 1063 578 1154 corruperunt.
615 1059 662 1130 m
684 1061 762 1130 tuno
784 1060 854 1132 erat
875 1057 1021 1151 Lepidus
1041 1056 1125 1128 latro
1145 1079 1219 1128 cum
1244 1057 1339 1127 calo-

252 1276 327 1328 recte
343 1285 407 1326 cum
422 1269 524 1324 ceteris
540 1271 650 1324 coeant.
695 1267 766 1324 Nam
781 1268 915 1322 universa
932 1266 987 1322 toci
1002 1265 1186 1322 conformatio
1199 1264 1272 1322 haec
1287 1273 1339 1334 est,

187 1415 193 1430 Ι
252 1361 282 1410 nt
297 1354 391 1408 verbis
415 1354 537 1424 equidem
560 1352 650 1408 Catuli
667 1353 781 1408 consilia
801 1355 911 1408 secunus
926 1365 988 1408 sum
1013 1366 1049 1404 ex
1073 1349 1196 1407 adverso
1224 1368 1341 1423 respon-

255 1438 340 1495 deant
356 1443 475 1492 celerum
495 1438 535 1491 illl
555 1438 743 1492 consilium
765 1436 946 1506 pullicum
966 1440 1229 1505 corruperunt.
1274 1435 1341 1504 Qui-

253 1527 306 1581 bus
323 1539 396 1594 quae
411 1522 556 1576 interiecta
572 1527 651 1588 sunt,
665 1522 820 1576 subiectum
834 1520 875 1578 illi
887 1519 996 1578 duabus
1012 1520 1254 1576 enunciationibus
1270 1522 1342 1576 reta·

254 1609 320 1664 tivis
344 1609 494 1674 illustrant,
517 1622 633 1678 quarum
654 1607 794 1678 posterior
815 1622 914 1662 rursus
930 1604 1041 1664 duobus
1062 1605 1195 1660 membris
1213 1607 1341 1675 (nemisse
1406 1613 1417 1632 '

253 1725 295 1733 -
306 1694 504 1767 proprcssum)
524 1675 690 1760 ἆσυνδὲτως
703 1693 803 1764 positis
819 1695 944 1758 constet,
967 1691 1005 1746 ita
1026 1696 1055 1747 ut
1070 1691 1254 1746 correlativae
1275 1709 1342 1764 par-

253 1781 354 1834 ticulae
377 1780 457 1834 eliam
476 1783 596 1832 tunc-
612 1793 699 1849 quum
720 1783 779 1834 arte
800 1776 981 1833 cohaereant.
1026 1777 1105 1845 Quae
1119 1792 1204 1846 quum
1223 1778 1262 1832 ita
1277 1779 1342 1846 sint,

254 1864 346 1936 quivis
364 1863 441 1919 videt
458 1864 556 1918 maiori
572 1863 787 1933 interpunctioni
810 1864 838 1919 in
859 1867 916 1918 tota
935 1861 1054 1935 periodo
1081 1864 1174 1918 locum
1192 1877 1248 1918 non
1267 1879 1343 1920 esse.

252 1980 294 1990 —-
313 1949 459 2006 Consilium
468 1948 610 2020 publicum
624 1953 814 2022 corruperunt
830 1950 849 2006 i.
864 1966 891 2004 e.
907 1954 1037 2006 auctores
1053 1949 1165 2006 suerunt
1178 1949 1261 2020 pravi
1276 1966 1343 2006 con-

254 2036 324 2101 silii,
344 2051 399 2106 quo
415 2035 586 2105 reipublicae
602 2034 683 2092 saluti
699 2052 755 2090 non
770 2036 942 2102 consultum,
967 2032 1020 2090 scd
1041 2034 1243 2106 gravissimum
1259 2035 1342 2092 detri-

252 2126 376 2179 mentum
391 2122 505 2177 allotum
520 2125 573 2176 est.

339 2210 364 2270 §-
379 2206 405 2263 7.
449 2203 484 2260 At
497 2205 584 2270 lunc).
627 2205 680 2258 Pro
696 2210 760 2260 tunc
775 2205 803 2260 in
818 2206 882 2258 Vol.
901 2209 927 2260 1.
942 2209 969 2260 2.
984 2208 1012 2262 3
1026 2209 1071 2258 est
1085 2209 1155 2270 tum,
1172 2204 1262 2274 quod,
1278 2208 1344 2276 quia

253 2306 328 2346 nunc
345 2291 505 2361 oppositum
524 2294 582 2353 cst,
606 2293 713 2344 mutare
739 2305 795 2344 non
822 2288 965 2356 dubitavi;
987 2305 1017 2342 v.
1043 2288 1080 2343 ad
1100 2288 1161 2360 lug.
1177 2305 1203 2344 e.
1219 2289 1255 2357 V,
1272 2297 1299 2352 1.
1312 2309 1342 2364 p.

253 2380 298 2434 38.
339 2372 448 2430 Cortius
467 2391 530 2430 cum
545 2373 612 2431 edd.
629 2375 734 2448 antiqq.
755 2379 875 2432 attam
890 2374 1018 2444 scripsit,
1041 2372 1117 2444 qnod
1139 2375 1229 2432 errori
1248 2376 1343 2446 potius

255 2477 338 2533 quam
355 2459 562 2532 interpolationi
583 2459 679 2516 deberi
695 2460 816 2517 videtur.
834 2488 876 2504 -ν
898 2459 1035 2531 Lepidum
1058 2457 1166 2516 Curtius
1193 2467 1345 2532 propterea

253 2547 388 2602 latronem
404 2546 508 2602 dictum
529 2551 640 2614 censet,
667 2548 733 2618 quia
752 2548 828 2603 nullo
850 2545 963 2618 publico
979 2544 1114 2611 oonsilio,
1143 2550 1170 2600 el
1185 2552 1281 2604 conus
1294 2565 1343 2620 ps-

254 2632 334 2686 triam
351 2649 429 2688 arma
445 2633 567 2703 ceperim
584 2631 636 2688 sed
651 2631 726 2686 idem
739 2633 774 2687 de
788 2635 874 2689 altero
889 2629 999 2688 eiusad
1014 2631 1111 2686 urbem
1126 2647 1246 2690 accessu
1258 2636 1343 2701 valet,

254 2733 346 2788 neque
363 2718 497 2788 temporis
514 2717 620 2774 diversi
640 2719 780 2790 oppositio
796 2719 834 2772 ita
851 2721 944 2788 potest
956 2716 1071 2783 confici,
1088 2720 1117 2770 ut
1127 2717 1251 2789 Lepidus
1264 2720 1344 2791 prius

255 2803 382 2873 privata,
399 2801 502 2857 deinde
520 2803 633 2873 publica
648 2817 726 2858 arma
741 2803 913 2875 sumpsisse,
934 2801 1013 2873 prius
1033 2801 1140 2874 patries
1155 2801 1260 2872 hostis,
1287 2809 1344 2860 tum

166 2901 168 2910 ·
255 2886 396 2957 legitimus
412 2887 592 2957 magistratus
612 2887 700 2942 luisse
716 2887 833 2943 dicatur.
879 2886 938 2944 Sed
953 2893 982 2941 ul
996 2887 1169 2946 latrocinium
1183 2889 1256 2945 iusto
1271 2891 1344 2946 bello

256 2969 406 3041 opponitur
427 2972 470 3038 (v.
497 2969 534 3024 ad
562 2970 622 3041 lug.
647 2987 672 3024 c.
692 2970 806 3040 XCVll,
834 2972 890 3039 5.),
919 2972 957 3026 ite
980 2971 1096 3028 latronis
1123 2975 1262 3032 vocabulo
1289 2974 1345 3030 hoc

218 3100 220 3109 ,
256 3054 445 3127 significatur,
460 3054 567 3125 Lepido
583 3071 640 3109 non
658 3054 745 3110 iustas
762 3060 799 3135 et
810 3053 929 3118 idoneas
948 3057 1046 3126 copias
1070 3057 1107 3112 ad
1129 3075 1227 3114 verum
1242 3060 1345 3116 bellum

256 3141 419 3196 laciendum
446 3141 548 3208 fuisse,
573 3156 694 3211 eumque
716 3157 831 3197 sensum
853 3139 950 3196 addita
973 3141 1061 3196 verba
1075 3157 1138 3196 cum
1161 3143 1301 3198 ecmonus
1320 3149 1347 3198 ct

250 3228 354 3298 paucis
367 3227 478 3282 sicaries
492 3227 576 3298 plane
592 3224 747 3282 declarant.
791 3227 860 3282 Rem
875 3227 959 3298 igitur
972 3226 995 3282 si
1009 3229 1136 3297 spectas,
1155 3226 1301 3298 Philippus
1315 3228 1345 3284 h.

256 3313 275 3366 l.
291 3312 392 3368 iterum
408 3312 490 3386 dicit,
520 3311 596 3383 quod
612 3327 699 3384 supra
720 3317 747 3378 §-
770 3318 796 3371 3.
822 3311 945 3382 dixerat,
975 3316 1214 3384 cconlemplo
1240 3314 1346 3385 (qualis

257 3401 323 3451 tunc
339 3398 404 3466 tuit,
421 3398 509 3465 nunc)
524 3413 555 3454 sc
569 3398 663 3471 effecit
674 3399 899 3454 metuendum.
918 3427 959 3440 --
984 3397 1096 3454 Dassa
1114 3398 1241 3456 mercede
1264 3401 1347 3456 vitam

258 3485 395 3536 mutare
423 3482 562 3562 significat
585 3485 668 3538 uitam
687 3483 771 3550 clarc,
798 3484 841 3540 ocl
863 3483 1003 3552 volere,
1018 3484 1062 3538 uel
1082 3483 1161 3540 nihili
1179 3483 1278 3556 facere
1287 3502 1346 3556 pro

172 3599 176 3604 -
258 3566 361 3620 urum
375 3567 501 3622 mercede
515 3566 659 3625 aursnoda
666 3590 676 3629 ‚·
697 3569 733 3622 cr.
752 3567 789 3622 au
810 3568 872 3639 mg.
891 3556 1050 3634 minum,
1067 3574 1109 3628 ru.
1126 3586 1156 3641 p.
1169 3573 1231 3628 am.
1248 3569 1346 3637 xilv,

260 3656 285 3708 5.
308 3649 439 3706 Praenes
453 3657 588 3708 mutare
603 3653 664 3710 uiuo
679 3653 827 3709 advectitio.
856 3654 915 3709 lam
926 3669 1011 3724 quum
1028 3653 1131 3710 in'Val.
1141 3660 1167 3714 3.
1184 3661 1212 3710 et
1226 3658 1253 3712 3.
1270 3656 1347 3726 lega-

258 3743 302 3792 tur
318 3750 398 3792 nemo
413 3751 483 3804 non,
499 3737 527 3790 in
544 3736 608 3792 Vat.
625 3743 650 3796 1.
675 3741 767 3793 autem
787 3738 979 3801 tantummodo
991 3752 1085 3806 mmo,
1107 3739 1253 3806 sidereos,
1281 3739 1347 3796 Cor-

259 3822 329 3890 tius,
347 3819 529 3889 Gerlachius,
552 3822 657 3891 Faber,
669 3875 672 3880 ,
686 3822 805 3880 Orellius
826 3841 881 3880 oon
901 3825 1069 3891 omiserunt,
1095 3823 1213 3880 mirifice
1233 3841 1253 3886 a
1276 3841 1346 3882 vero

259 3909 432 3962 aberrantes.
477 3905 641 3962 Gerlaehius
659 3909 732 3962 enim
747 3909 813 3964 Vol.
828 3909 872 3966 ΙΙΙ.
888 3927 917 3981 p.
930 3910 976 3970 ol.
991 3911 1076 3964 ullum
1091 3925 1214 3982 unquam
1230 3911 1348 3982 scripto-

260 4009 318 4049 rem
334 3991 461 4047 Latinum
479 3992 517 4046 ita
533 3994 657 4048 locutum
673 4011 737 4050 esse
751 4010 872 4067 negans,
894 3994 1023 4052 homines
1044 3997 1157 4067 ipsum
1171 4000 1199 4051 el
1210 3997 1313 4052 inertes
1329 4014 1347 4052 a

258 4077 387 4150 Philippo
404 4074 558 4150 significari
570 4082 661 4149 putat,
678 4079 739 4150 qui,
754 4096 838 4151 quum
856 4096 913 4136 non
928 4097 1031 4153 magna
1042 4079 1193 4138 seditionis
1208 4083 1344 4154 praemio,

259 4161 313 4218 sed
327 4179 383 4218 non
397 4162 452 4218 nisi
468 4161 593 4218 ultumum
613 4164 765 4220 noercedcm
786 4182 802 4220 a
822 4164 928 4238 Lepido
955 4167 1128 4237 acciperent,
1155 4166 1189 4223 dc
1213 4170 1268 4224 vito
1292 4181 1345 4222 susc

251 4263 309 4319 pro
325 4254 380 4304 tum
389 4249 492 4322 paruis
500 4250 638 4321 procmir's
650 4251 809 4322 periclitari
823 4253 932 4311 nollent.
977 4249 1037 4308 Sed
1048 4255 1091 4324 ,ut
1116 4257 1310 4324 argumentum
1327 4269 1344 4308 a

256 4333 389 4391 latinitate
416 4339 555 4406 sumptum
581 4335 659 4393 lutile
681 4340 738 4404 est,
764 4337 802 4394 ita
827 4353 909 4392 nemo
933 4335 1081 4396 Gerlaehio
1108 4336 1204 4395 credet
1227 4339 1345 4396 marios
