3102 4956
485 381 733 444 maronianum
754 381 988 472 66666666.
1032 387 1098 444 mn.
1122 335 1167 444 6·
1223 471 1225 474 ¹
1288 384 1361 463 rel

379 558 430 646 06
473 571 583 646 Parve
614 571 705 666 legio
734 573 867 660 tlumen
889 573 1091 648 66666666
1125 577 1249 648 castra·
1274 576 1362 716 dila-

275 698 366 769 tavit.
516 697 520 701 ’
1137 757 1143 772 .

170 811 172 816 ’
266 821 267 824 ’
377 830 444 920 67.
472 823 518 920 At
545 821 626 909 illi,
636 821 756 917 quibus
779 844 835 892 res
856 822 1026 920 incognito
1044 827 1139 914 crat,-
1155 848 1257 948 merc
1276 849 1361 948 cun·

216 948 233 1018 ’.
275 947 316 1024 cti
339 949 381 1032 ad
400 953 537 1044 portas,
534 949 708 1103 inconditi
726 948 874 1037 tendere.

186 1295 188 1298 ¹
275 1227 321 1300 ed.
339 1180 407 1301 min.
421 1227 520 1296 llic.
533 1246 566 1301 p.
581 1201 653 1297 262,
664 1229 729 1298 26]
760 1186 958 1300 Fragmentum
977 1244 1076 1286 recens
1098 1229 1208 1288 accedit
1226 1247 1262 1290 er
1274 1232 1361 1292 Aius.

275 1312 340 1368 cod.
355 1311 668 1382 munemundus,
683 1329 713 1384 p.
728 1315 800 1371 266.
818 1309 953 1384 Corrupto
967 1314 996 1369 in
1009 1305 1073 1370 cod.¹
1093 1319 1135 1372 e'st
1151 1315 1267 1374 Pareo
1284 1315 1361 1392 legio.

277 1396 365 1472 6666Ι
379 1413 415 1452 ex
437 1399 598 1454 coniectura
620 1395 750 1454 dedimus
766 1413 889 1472 porco
910 1398 1001 1472 logio,
1019 1400 1154 1458 incertum
1176 1401 1290 1474 quidem
1310 1409 1379 1473 ast,¹

208 1493 209 1497 ’
257 1481 329 1537 ,666
347 1475 461 1556 ¹propter
481 1483 605 1542 dilatauit
622 1484 739 1541 verbnm
760 1482 867 1554 aliquid
890 1478 995 1540 habere
1017 1483 1136 1542 videtur
1149 1487 1362 1560 probabilitatis.

48 1575 52 1577 “
157 1631 158 1634 ,
276 1566 335 1622 Hoc
351 1567 436 1636 err-im,
452 1569 476 1624 si
492 1565 582 1642 66Ι6
576 1567 672 1634 video,
688 1565 763 1632 'dixit
778 1566 938 1636 Sallustius,
953 1568 1095 1641 legionem
1109 1571 1196 1638 illam,
1214 1587 1250 1625 ne
1265 1570 1363 1629 hostes

276 1652 447 1724 paucitatem
463 1652 759 1724 suamintelligerent,
776 1653 884 1722 maiora
903 1658 1002 1710 castra
1006 1672 1112 1728 ‚pacm
1120 1673 1179 1728 pro
1194 1655 1295 1732 66666
1310 1658 1362 1712 mi-

275 1738 351 1804 litum
371 1753 499 1808 numero,
519 1739 640 1813 secisse.
670 1739 707 1795 ci.
729 1738 790 1796 Liv.
810 1735 929 1810 XXVII,
949 1743 1000 1810 46,
1021 1745 1048 1802 2
1085 1741 1181 1868 Neque
1206 1741 1366 1800 ductori

225 1832 233 1836 “
275 1827 565 1896 cartraopuscasc.

354 1925 406 1982 „Fr
421 1929 466 1998 67.
502 1918 595 2003 [cort.
610 1944 639 2000 p.
654 1929 717 1998 962.
754 1889 830 1981 666.
848 1924 894 1980 ed.
913 1926 978 1984 mai.
994 1926 1089 1996 llas.
1120 1928 1167 1984 ed.
1184 1930 1252 1984 min.
1268 1929 1301 1998 ΙΙ,
1310 1879 1363 1990 91.

254 2029 257 2033 “
275 2026 305 2084 p
321 2014 388 2078 206,
406 2014 433 2070 4
469 2012 554 2070 Debr.
570 2011 624 2082 IV,
643 1999 704 2082 96]
740 2009 825 2068 Serv.
842 2009 976 2083 adVirg.
993 2011 1052 2068 Ecl.
1067 2013 1105 2082 ΙΙ,
1122 2017 1149 2072 4.
1176 2014 1362 2086 Inplerisque

230 2127 231 2130 =
276 2096 421 2153 codicibus
439 2104 498 2169 est,
519 2103 548 2155 ut
562 2093 676 2170 vulgu'
669 2109 698 2150 m
713 2095 780 2150 666.
798 2095 915 2167 legitur:
939 2101 969 2150 nt
988 2097 1042 2167 illi,
1063 2056 1162 2168 666666
1180 2102 1278 2158 cirea
1299 2101 1363 2156 ud-

275 2186 394 2252 erunt,
408 2185 620 2242 'roerecnncti
629 2183 784 2252 adportas,
799 2180 985 2244 incondita
999 2185 1136 2252 tencrc3
1154 2182 1210 2258 666
1221 2189 1365 2256 postrema

202 2335 204 2340 Ι
277 2259 416 2322 vocabule
441 2268 470 2324 in
491 2267 600 2324 duobus
622 2264 708 2322 codd.
732 2258 863 2336 leguntur
884 2265 1059 2322 inconditi
1077 2272 1184 2338 tenere,
1208 2269 1236 2325 in
1252 2287 1309 2338 666
1324 2273 1365 2325 in-

277 2350 380 2408 conditi
390 2357 510 2410 encre.
528 2351 573 2410 Ab
588 2351 633 2408 his
648 2348 767 2408 multum
775 2347 885 2418 differt,
900 2349 977 2420 6666
992 2354 1084 2408 exstat
1098 2353 1127 2416 in
1142 2354 1236 2410 Ursini
1248 2354 1362 2412 codice:

236 2493 237 2498 ,
259 2451 260 2454 ’
277 2437 487 2509 6061666666
506 2445 565 2494 roa
584 2437 770 2509 incognita
788 2440 879 2505 cra-t,
901 2437 997 2495 iocre
1012 2438 1111 2507 vcuncti
1123 2435 1168 2496 'ed
1179 2440 1295 2511 portur,
1313 2441 1365 2494 tn·

277 2524 423 2595 cognita
439 2519 603 2581 tendere.
625 2523 702 2578 Haec
717 2525 795 2578 tanta
806 2517 958 2586 diversitas
971 2521 1050 2578 unde
1066 2527 1127 2580 orta
1139 2517 1189 2595 sit,
1201 2531 1231 2580 ut
1246 2523 1363 2596 dilticile

122 2665 124 2668 .
180 2675 186 2680 ,
234 2669 236 2674 s
279 2608 355 2674 dictu
379 2613 438 2680 cst,
459 2611 499 2664 ita
513 2614 591 2682 patet
611 2613 739 2664 neutram
757 2605 924 2678 scripturam
945 2623 1010 2662 esse
1025 2609 1180 2683 integram,
1204 2609 1255 2666 sed
1270 2617 1365 2668 tamen

144 2707 146 2712 ·
213 2702 215 2705 ’
255 2764 257 2768 ¹
273 2709 377 2750 verum
391 2709 443 2766 per
458 2701 604 2767 utramque
617 2697 656 2750 ita
671 2689 816 2764 diffirsum,
832 2695 871 2768 ut,
887 2691 955 2764 quid
972 2690 1123 2752 Sallustius
1139 2696 1284 2766 scripserit
1298 2712 1365 2752 corr·

119 2783 121 2786 ’
163 2826 165 2829 .
278 2781 386 2855 iectura
403 2780 463 2837 erui
477 2781 578 2851 possit.
607 2779 789 2836 lamialsuin
804 2792 870 2834 esse
882 2776 979 2849 quibas
992 2779 1089 2834 vires
1105 2779 1259 2836 aderant
1279 2797 1364 2853 quum
1400 2816 1403 2820 -

278 2863 343 2934 ipse
360 2860 445 2919 dictio
461 2868 505 2918 ost
494 2857 599 2932 etn,dit
617 2877 692 2934 quae
712 2875 747 2916 ne
766 2862 804 2916 lat
805 2861 852 2922 ina
868 2860 982 2932 quidem
997 2867 1055 2930 est,
1075 2867 1133 2918 turn
1151 2865 1312 2938 intelligitur
1329 2883 1365 2922 ex

280 2947 414 3019 universa
428 2947 589 3020 Fragmenti
569 2945 773 3013 tsententia,
800 2946 904 3016 qnippe
930 2961 985 3017 666
1007 2946 1194 3018 trepidatio
1187 2967 1217 3006 ru
1245 2953 1366 3008 obsessa

122 3031 124 3038 ⁴
231 3107 238 3111 ..
280 3015 380 3102 alique
396 3035 464 3088 urbe
486 3031 651 3112 repentino
663 3031 737 3086 malo
762 3029 839 3086 vel
832 3030 987 3101 improviso
1014 3032 1120 3104 impetu
1137 3041 1198 3089 orta
1220 3033 1365 3092 describa-

282 3123 341 3186 tur;
367 3107 475 3189 optime
491 3122 584 3174 autem
604 3116 670 3182 huic
694 3114 850 3176 sententiae
874 3115 1027 3182 convenire
1041 3109 1128 3172 verba
1146 3118 1242 3191 66666
1261 3122 1360 3175 resin
1372 3109 1374 3114 ’

217 3195 218 3200 ’
263 3203 388 3277 ¹capacite
408 3209 470 3260 cred
490 3201 727 3260 demonstratione
743 3217 799 3256 666
820 3203 952 3273 eget-¹-
987 3201 1172 3258 Plurimorum
1190 3200 1275 3258 codd.
1299 3205 1366 3259 scri-

281 3293 363 3362 ptura
375 3303 459 3346 neore
469 3304 619 3346 verissima
631 3293 658 3343 et
672 3289 712 3344 rei
725 3285 809 3346 valde
821 3285 1049 3355 accommodata
1064 3300 1138 3344 acere
1148 3293 1252 3357 autern
1271 3302 1367 3359 quam·

272 3391 365 3446 guam
386 3389 473 3433 sensu
492 3376 583 3432 multo
601 3374 740 3442 deterius,
764 3372 917 3427 litterarum
938 3371 1065 3443 apicibus
1085 3373 1134 3428 vix
1152 3372 1298 3428 diversum
1314 3379 1365 3443 est,

232 3467 233 3470 ’
282 3465 311 3514 et
331 3459 408 3516 haud
430 3459 522 3516 dubie
534 3461 654 3533 legentis
676 3473 772 3514 errore
788 3462 889 3513 ortum.
903 3483 946 3497 -·-
981 3454 1172 3530 Incognita
1191 3443 1303 3516 tondere
1318 3459 1368 3518 sol·

284 3555 347 3600 sum
370 3561 435 3601 esse
449 3545 511 3641 ipse
529 3545 702 3618 Virgilianos
717 3543 802 3607 locus
813 3536 949 3610 ostendit,
968 3541 1108 3612 siquidem
1123 3544 1258 3600 universa
1274 3542 1366 3602 Servii

218 3670 222 3675 -
246 3693 248 3696 ,
284 3629 433 3702 explicatio
455 3635 482 3697 et
500 3629 594 3702 ipsum
610 3628 734 3698 Sallustii
753 3627 914 3701 exemplum
928 3620 1063 3701 unicead
1077 3627 1187 3700 Virgilii
1203 3644 1303 3684 vocem
1322 3629 1365 3684 in-

266 3719 269 3722 '
282 3717 391 3774 condite
399 3718 507 3786 spectet
514 3729 522 3783 ;
535 3705 590 3770 sed
605 3715 706 3772 vitiose
721 3718 849 3770 neutrum
864 3727 954 3784 genus
966 3729 1002 3768 ex
1012 3712 1123 3784 Virgilii
1136 3715 1197 3770 loco
1209 3710 1367 3770 traductum

283 3799 320 3858 ad
333 3800 458 3860 Sallustii
472 3801 571 3856 verba.
599 3799 678 3868 Quae
694 3815 780 3871 quum
795 3796 996 3870 praecedentia
1010 3799 1103 3866 cuncti
1110 3791 1195 3855 ruere
1208 3801 1367 3869 accuratius

283 3889 429 3954 illustrent,
453 3885 543 3948 simul¹
551 3885 712 3961 intelligitur
722 3883 847 3952 tendere,
863 3885 1034 3954 contenere,
1051 3899 1068 3938 a
1083 3881 1216 3940 Sallustio
1232 3876 1368 3961 scriptum

284 3981 366 4042 esse;
387 3970 578 4028 sensusenim
592 3975 636 4026 est
649 3968 760 4042 confusi
771 3983 806 4038 cc
819 3969 878 4024 eine
888 3966 985 4040 ordine
991 3969 1161 4040 properare.
1174 3997 1221 4034 —‚
1239 3969 1303 4026 Non
1318 3969 1369 4024 mi-

283 4075 336 4114 nus
352 4055 478 4130 quam'in
492 4055 588 4115 verbis
603 4055 718 4112 codices
732 4055 843 4111 turbant
857 4054 887 4131 in
901 4053 1043 4108 notatione
1057 4051 1138 4122 libri;
1154 4053 1238 4126 ponci
1248 4058 1368 4126 tantum-

284 4143 369 4200 modo
385 4141 556 4212 habcntlib.
576 4139 621 4198 II.
637 4139 763 4202 Hirtam
784 4139 832 4198 alii
853 4139 955 4194 vitiose
969 4141 1113 4210 praebent
1133 4139 1178 4197 leb.
1205 4137 1238 4196 V.
1255 4139 1302 4195 vel
1322 4139 1365 4193 lib.

290 4225 359 4296 VJ.;
375 4229 403 4284 in
416 4227 547 4299 plurimis·
559 4227 662 4298 legitur
676 4226 706 4282 in
721 4222 893 4298 lupertiano,
909 4221 985 4295 quod
1000 4223 1148 4296 Pntschius
1163 4222 1369 4294 seire-costean

164 4314 168 4318 ’
234 4357 236 4362 ,
284 4313 440 4394 proiectum
453 4329 518 4370 esse
533 4313 568 4372 ab
584 4311 721 4388 imperitis
737 4309 867 4394 librariis,
882 4310 928 4386 qui
939 4308 1128 4370 libertorum
1138 4316 1265 4389 prorsus·
1273 4309 1367 4384 ignari
