3062 4958
457 421 704 485 maronianum
727 421 960 485 FRAGMENTA.
999 423 1064 484 LIB.
1087 423 1133 482 lli.
1276 417 1338 484 275

249 615 386 703 potens,
406 610 494 681 inani
512 609 622 701 specie
643 611 875 703 magistratus,
899 611 1022 703 pellere
1038 610 1259 682 dominatione
1276 611 1332 680 in-

251 737 384 828 cipiam,
406 739 595 830 quantoque.
614 736 716 806 tutius
739 735 836 805 factio
854 735 1029 804 noxiorum
1047 739 1136 829 agat,
1153 757 1249 828 quam
1268 736 1330 805 soli

222 861 452 932 einnocentes.
506 859 574 930 Sed
600 864 731 951 praeter
762 879 855 950 spem
887 860 1005 930 bonam
1034 881 1077 930 ex
1104 859 1217 945 vobis,
1246 881 1331 953 quae

223 1073 228 1088 .
253 989 373 1055 metum
396 986 489 1070 vicit,
509 985 609 1055 statui
636 984 821 1056 certaminis
843 985 987 1056 advorsa
1013 1007 1074 1076 pro
1100 984 1248 1056 libertate
1264 1008 1331 1078 po-

221 1109 335 1186 stiora
356 1129 432 1180 esse
452 1108 530 1180 lorti
543 1109 632 1195 viro,
649 1131 746 1203 quam
762 1108 895 1179 omnino
914 1129 979 1179 non
999 1109 1195 1196 certavisse,
1213 1131 1332 1203 quam-

166 1317 176 1341 x
251 1351 296 1406 cio
309 1357 406 1408 vestm
421 1365 521 1422 parum
535 1354 685 1406 constaret.
706 1375 749 1386 -
769 1350 821 1404 Pro
837 1347 903 1420 quid
919 1346 993 1404 Cart.
1010 1354 1037 1403 et
1053 1347 1216 1406 Gerlachius
1238 1351 1268 1404 111
1282 1347 1330 1405 cd.

251 1437 317 1490 mai.
333 1437 446 1492 soloece
460 1434 564 1490 hebent
578 1434 659 1506 quod.
674 1463 715 1473 —-
726 1432 777 1489 Ius
791 1449 809 1487 a
825 1432 973 1488 11ιαί1110111
981 1433 1104 1488 relictum
1119 1433 1330 1506 intelligendum

231 1539 234 1554 ¹
252 1508 287 1574 de
305 1521 451 1575 tribunicia
464 1525 618 1590 potestate;
643 1516 741 1573 eadem
757 1520 791 1573 ab
807 1517 886 1574 Sulla
899 1533 990 1588 paene
1006 1518 1116 1572 sublata
1133 1516 1232 1573 dicitur
1246 1519 1299 1574 boc
1312 1535 1330 1572 a

251 1603 328 1660 Sulla
338 1613 472 1676 puratum
486 1605 634 1662 seratum.
651 1633 694 1642 -
707 1601 904 1658 autemeam
917 1600 975 1674 fui
979 1608 1002 1670 t,
1027 1601 1103 1673 quod
1124 1601 1209 1658 codd.
1231 1619 1347 1658 omnes.

251 1695 361 1756 tenent,
384 1690 412 1743 in
429 1689 521 1744 multis
543 1687 608 1743 edd.
630 1694 734 1743 temere
750 1693 884 1742 mutatum
905 1687 933 1740 in
954 1686 1018 1742 deba
1040 1685 1190 1759 fuissem
1215 1689 1251 1742 cl.
1269 1687 1330 1760 lug.

250 1771 391 1841 LXXXV,
408 1776 449 1831 48.
476 1771 553 1840 Quae
569 1776 600 1828 et
613 1771 695 1828 dubia
710 1778 838 1843 esseae,
854 1775 944 1827 tamen
961 1773 1048 1828 aranu
1062 1771 1144 1827 bonos
1164 1773 1331 1844 republicae

249 1857 394 1914 subvenire
407 1857 563 1913 decebat.
587 1864 614 1911 et
631 1873 658 1912 v.
673 1857 811 1929 Xruegeri
828 1856 950 1912 Gramm.
966 1857 1053 1922 lats.
1071 1859 1132 1916 oto.
1149 1873 1178 1928 p·
1192 1861 1254 1918 875.
1271 1865 1327 1912 not.

249 1947 276 2000 3.
293 1971 335 1983 -
352 1943 406 1997 Pro
425 1942 630 2015 docendumque
648 1941 712 1996 Vat.
728 1947 755 1999 1.
769 1944 885 2013 praebet
900 1940 1080 2014 docendique,
1096 1939 1173 2012 quod
1183 1941 1273 1998 Faber
1288 1944 1330 1998 111-

249 2027 377 2082 consulto
392 2028 515 2099 recepit;
530 2031 586 2082 tam
598 2031 656 2081 arte
675 2026 748 2080 enim
763 2025 819 2080 duo
830 2028 917 2083 verba
932 2025 1100 2092 cohaerent,
1115 2032 1145 2081 ut
1160 2029 1329 2084 constructio

249 2114 349 2168 mutari
367 2119 502 2183 nequeat,
519 2113 587 2183 quin
598 2117 674 2166 recta
686 2109 798 2165 dicendi
816 2111 885 2165 ratio
901 2110 1025 2181 graviter
1042 2111 1180 2167 laedatur.

334 2201 359 2264 S.
376 2201 404 2254 1.
420 2195 514 2263 Nunc)
535 2195 594 2251 llac
619 2194 755 2267 particula
774 2195 896 2250 breviter
917 2194 1055 2250 indicatur
1079 2211 1217 2266 praesens
1238 2213 1329 2269 eaque

249 2297 318 2336 vera
333 2297 426 2336 rerum
435 2281 579 2350 condicio,
597 2280 749 2335 sententiae
761 2277 942 2350 praecedenti
958 2281 1104 2335 contraria.
1118 2279 1211 2348 Quare
1227 2297 1328 2338 sensus

250 2371 307 2420 est:
329 2381 414 2437 quum
435 2381 503 2420 vero
523 2363 594 2420 haec
617 2364 712 2420 omnia
733 2364 813 2418 vobis
836 2363 984 2420 notissima
1005 2365 1070 2420 sint.
1093 2365 1127 2420 V.
1151 2365 1197 2420 ad.
1217 2365 1277 2439 lug.
1302 2385 1327 2423 c.

250 2449 390 2519 LXXXV,
407 2453 450 2509 13.
466 2467 495 2521 p.
515 2452 577 2509 450.
600 2449 638 2505 ib.
655 2447 735 2517 XIV,
757 2451 799 2509 17.
824 2453 850 2504 et
870 2446 893 2521 §.
913 2452 959 2508 24.
981 2455 1007 2506 et
1030 2449 1166 2521 imprtmis
1181 2449 1274 2506 Hand.
1292 2451 1327 2510 de

248 2535 365 2592 Partica.
380 2534 437 2590 Lat.
453 2535 518 2590 Vol.
537 2535 585 2591 lV.
606 2553 635 2607 p.
657 2537 719 2594 340.
742 2537 770 2600 S.
787 2537 830 2592 13.
850 2563 893 2578 -
913 2533 1039 2591 ffimum
1055 2533 1163 2592 Curtius
1177 2551 1328 2608 perperam

247 2633 299 2690 pro
316 2619 452 2677 adverbio
469 2620 568 2692 habet,
592 2619 737 2692 explicans
757 2624 822 2674 aute
841 2623 943 2676 omnia.
964 2619 1050 2677 Recte
1073 2619 1237 2678 Gerlachius
1259 2623 1330 2678 vidit

248 2704 419 2761 adiectivum
435 2721 515 2773 esse,
532 2722 587 2777 quo
603 2705 758 2761 subiectum
773 2703 938 2774 definiatur;
954 2721 1018 2760 nam
1034 2707 1076 2762 ire
1091 2708 1215 2779 primum
1230 2713 1272 2763 est
1286 2703 1329 2763 r'r'e

243 2791 417 2863 preitcr‘pem,
432 2789 527 2844 ducem
538 2804 611 2859 esce,
623 2791 748 2860 praeire.

333 2879 359 2938 s.
371 2878 398 2931 3.
417 2871 511 2941 Solus)
527 2875 546 2928 i.
561 2889 585 2928 e.
603 2873 721 2928 aliorum
737 2873 842 2928 anxilio
860 2871 1024 2942 destitutus3
1040 2875 1143 2946 etlug.
1160 2873 1271 2946 c.XlV,
1283 2879 1327 2937 17.

248 2955 327 3012 Eccul
334 2959 448 3029 patria,
471 2956 564 3026 domo,
586 2959 674 3024 solue,
696 2961 777 3028 atque
790 2959 908 3012 amntem
923 2957 1100 3014 macarem
1118 2973 1213 3016 rerrtm
1235 2975 1326 3034 eqerea

248 3059 301 3113 quo
312 3042 462 3098 accedam?
484 3071 516 3083 —
536 3041 622 3098 lauat
634 3042 724 3114 specte
734 3042 918 3113 maqbtrutua
933 3041 951 3097 i.
968 3058 992 3100 e.
1005 3043 1132 3098 tribunus
1146 3046 1237 3116 plebis
1251 3047 1326 3101 omni

249 3127 411 3182 auctoritate
429 3144 480 3198 per
497 3125 604 3184 Sullam
624 3126 762 3198 privatus.
784 3124 917 3182 Similiter
931 3125 1031 3181 Vellei.
1047 3127 1086 3199 11,
1108 3131 1158 3196 30,
1176 3133 1204 3187 l.
1228 3129 1326 3186 Tribu-

247 3213 336 3267 m‘cr'ae
350 3214 493 3284 pausant
513 3211 590 3268 Sulla
611 3212 798 3284 imeqt'acm
818 3211 956 3266 inanem
977 3212 1134 3283 reliquerat.
1157 3241 1200 3251 —-
1222 3213 1327 3284 Fectio,

247 3297 361 3353 anisola·
374 3297 665 3369 opponuntnr‚latinis
680 3295 756 3351 idem
772 3295 959 3369 significabat,
976 3295 1052 3368 quod
1067 3298 1238 3354 recentiores
1254 3315 1325 3354 voce

248 3381 396 3438 Camartlta
412 3382 576 3456 designant3
595 3383 632 3438 cf.
647 3381 685 3438 ad
699 3379 760 3453 lug.
776 3399 801 3436 c.
820 3379 895 3449 XLI,
916 3388 941 3440 1.
955 3397 984 3452 p.
999 3384 1063 3440 034.

331 3471 357 3534 s.
372 3471 436 3524 4-
445 3475 472 3526 5.
482 3473 601 3541 praeter
614 3479 691 3540 apem
704 3465 952 3534 became-statut)
967 3465 1086 3522 Praeter
1099 3483 1156 3522 non
1170 3468 1274 3539 pendet
1290 3485 1325 3524 ex

247 3552 341 3621 statui,
358 3553 410 3608 sed
424 3569 487 3608 cum
503 3553 677 3610 substantivo
694 3551 817 3607 iunctum
831 3551 1069 3622 breviloquentiae
1085 3552 1203 3608 inservit
1218 3569 1281 3608 eum
1298 3556 1325 3608 in

247 3634 375 3703 modum,
393 3643 423 3693 ut
437 3653 537 3694 sensus
553 3639 602 3694 sit:
613 3641 827 3710 praeterquam,
840 3637 914 3708 quod
924 3649 990 3709 spes
1003 3637 1074 3693 borea
1088 3644 1130 3692 eat
1143 3651 1180 3692 ex
1194 3638 1274 3694 eabae.
1283 3669 1325 3681 --

246 3723 313 3777 Post
327 3724 474 3779 certavisse
488 3723 516 3778 in
531 3723 661 3778 omnibus
676 3721 742 3777 edd.
756 3727 859 3794 puncto
875 3720 1068 3794 distinguitur,
1091 3722 1167 3792 quod
1188 3726 1326 3780 sententia

247 3807 309 3878 ipsa
329 3805 472 3880 flagitante
488 3809 517 3863 111
539 3822 648 3864 comma
667 3808 838 3864 mutavimus
844 3821 853 3876 ;
871 3823 937 3862 nam
956 3823 1041 3879 quum
1057 3806 1111 3862 hoc
1130 3806 1205 3862 dicat
1219 3808 1324 3877 Macer,

246 3906 276 3946 se
293 3891 380 3948 solum
395 3899 538 3949 certamen
558 3891 704 3964 suscipere
726 3891 892 3950 decrevisse
915 3898 1012 3948 contra
1033 3894 1182 3947 factionem
1199 3893 1325 3948 nobilita-

245 3978 297 4045 tis,
320 3994 489 4050 quamquam
511 3991 604 4034 omues
626 3978 676 4032 atii
692 3977 782 4048 plebis
803 3975 981 4034 commodum
1005 3992 1105 4048 parum
1127 3983 1240 4045 curent,
1262 3979 1323 4032 luce

247 4063 350 4119 elarius
366 4070 409 4119 est
422 4063 492 4118 haec
507 4063 545 4118 ita
560 4063 729 4131 cohaerere,
743 4069 772 4118 ut
786 4063 891 4117 maiore
906 4061 1127 4134 interpunctione
1142 4059 1265 4134 disiungi
1276 4079 1324 4115 ne-

247 4153 358 4216 queant.
372 4177 416 4190 —-
431 4148 531 4205 Oetaea
550 4148 599 4202 ulii
613 4149 701 4202 creati
712 4150 845 4219 protare
862 4147 954 4204 oestro
973 4162 1029 4202 non
1048 4152 1112 4201 sunt
1131 4146 1249 4214 tribuni,
1271 4145 1323 4219 sed

247 4233 332 4288 ceteri
352 4235 548 4307 magistratus,
563 4233 665 4304 quibus
682 4234 759 4288 salus
774 4231 878 4288 civium
895 4247 1026 4304 suprema
1040 4231 1087 4285 lex
1108 4247 1172 4287 esse
1192 4231 1322 4286 debebat.

245 4343 288 4355 -—
314 4315 372 4373 Vim
393 4325 520 4376 cunctam
540 4321 558 4375 i.
575 4335 600 4374 c.
617 4309 926 4391 potestatem'muneris
946 4321 1056 4374 5111-
1074 4315 1168 4371 Gratis
1187 4315 1232 4371 hic
1249 4315 1324 4370 valet

1052 4403 1116 4469 18*
