3102 4956
433 423 682 484 ursromnauu
711 423 946 483 renouauit.
982 425 1049 483 ua.
1068 397 1113 484 u.
1271 425 1334 492 ret

348 617 402 684 83.
443 609 584 698 Onnes,
608 613 664 706 qui
682 613 914 698 circumeunt,
934 615 1138 708 praeminent
1160 615 1331 689 1111111115

244 739 380 810 millium
406 759 567 831 passuum
589 741 739 811 duorum.
974 719 976 722 ¹
1186 759 1189 767 “

347 872 398 937 84.
441 865 523 934 Eam
550 865 749 938 deditionem
776 867 912 936 senatus
943 889 1004 957 per
1030 865 1169 938 nuncios
1201 865 1330 940 Orestis

242 992 411 1086 cognitam
429 991 602 1083 approbat

346 1123 397 1189 85.
437 1117 609 1189 Modestus
625 1117 667 1188 ad
684 1115 793 1188 omnia
815 1116 895 1203 alia,
917 1115 981 1187 nisi
999 1117 1042 1187 ad
1064 1115 1328 1192 dominationem.

243 1356 279 1412 de
306 1373 362 1428 quo
388 1356 494 1429 oppido
517 1374 609 1413 sermo
633 1358 683 1426 sit,
711 1357 786 1411 nullo
802 1357 887 1412 modo
903 1357 959 1412 dici
982 1360 1092 1428 potest..
1117 1356 1157 1412 De
1172 1359 1328 1440 Lysistrato

243 1441 339 1512 Cyzici
354 1442 496 1512 praesecto
512 1442 641 1515 intelligit
654 1441 834 1510 Debrossius,
851 1441 971 1496 simodo
986 1439 1041 1496 hoc
1055 1447 1099 1496 est
1113 1443 1279 1515 intelligere,
1295 1462 1328 1501 ac
1444 1514 1446 1518 ι

242 1542 299 1580 non
313 1525 454 1582 somniare
477 1531 505 1581 et
520 1527 665 1592 allucinari
674 1543 682 1595 ;
705 1541 770 1581 nam
783 1523 878 1600 Cyzici
894 1527 1066 1602 oppugnatio
1083 1543 1138 1582 non
1150 1528 1179 1583 in
1191 1529 1327 1598 secundo,
1372 1541 1375 1548 ’

244 1609 296 1668 sed
318 1609 347 1666 in
369 1612 450 1667 tertio
467 1611 538 1668 libro
562 1618 701 1668 narratur.

324 1695 371 1752 Fr.
385 1699 430 1756 8³.
463 1695 552 1766 [Cort.
566 1715 595 1769 p.
610 1701 671 1758 959.
701 1695 775 1753 Gerl.
791 1696 838 1752 ed.
852 1695 918 1752 mai.
934 1696 968 1766 11,
982 1699 1025 1755 33.
1043 1695 1091 1752 ed.
1106 1698 1173 1753 min.
1188 1696 1221 1766 II,
1239 1701 1327 1772 11111.

238 1787 300 1848 202,
315 1787 360 1839 25.
376 1781 458 1840 Debr.
474 1781 518 1853 III,
537 1783 612 1852 142]
642 1781 758 1838 Exstant
772 1782 861 1838 verba
876 1781 953 1855 apud
971 1781 1105 1838 Arusian.
1120 1799 1150 1837 v.
1160 1786 1326 1855 proeminet,
1385 1805 1387 1809 ·

237 1871 345 1940 11256.
368 1867 452 1924 Lind.
494 1867 525 1922 ln
546 1866 612 1922 cod.
632 1859 959 1938 nucupationem
979 1871 1022 1922 est
1044 1867 1227 1940 altitudinem,
1249 1871 1324 1942 quod

238 1951 404 2008 Gerlaehius
419 1951 447 2006 in
466 1951 513 2008 ed.
529 1953 593 2010 mai.
611 1953 685 2008 male
707 1951 827 2024 recepit,
851 1967 907 2008 non
927 1952 1068 2008 intellecto
1089 1954 1217 2010 lemmate
1240 1954 1325 2012 huius

237 2037 361 2106 articuli3
378 2036 453 2109 quod
465 2055 550 2112 quum
562 2039 604 2094 sic
619 2035 735 2094 habeat:
753 2037 930 2110 „praeminet
942 2039 989 2093 clla
1005 2051 1037 2091 re
1051 2035 1127 2094 illam
1139 2039 1228 2105 rem,“
1240 2039 1323 2096 etiam

238 2123 299 2177 sine
322 2121 387 2177 cod.
410 2119 482 2178 Gud.
504 2121 643 2182 ablativus
664 2121 784 2177 tidenter
805 2127 864 2178 erat
884 2112 1089 2178 exhibendus(
1115 2123 1266 2180 Praeterea
1288 2141 1324 2178 ex

237 2207 366 2263 lemmate
381 2207 551 2280 perspicitur
565 2221 658 2264 omnes
676 2223 732 2261 non
749 2224 813 2262 esse
832 2206 988 2262 subiectum
1003 2207 1223 2276 enunciationiS‚
1247 2209 1324 2280 quod

237 2293 319 2364 quale
337 2293 374 2348 sit
387 2293 541 2364 ignoratur,
565 2291 618 2348 sed
635 2291 752 2360 obiecti,
775 2290 851 2364 quod
866 2297 894 2345 et
907 2291 1000 2364 ipsum
1017 2291 1152 2346 incertum
1167 2297 1225 2360 est,
1249 2294 1322 2349 attri-

236 2380 331 2433 butum
340 2392 348 2445 ;
370 2377 631 2434 commodissimum
647 2377 760 2433 videtur
775 2377 856 2434 eolles
871 2377 1005 2448 cogitare,
1028 2392 1099 2448 quos
1114 2361 1322 2451 montes‘atiqui

234 2463 452 2536 praeminerent.
498 2461 627 2518 Ceterum
648 2462 760 2518 altitudo
782 2461 894 2518 millium
908 2476 1048 2534 passuum
1062 2461 1180 2518 duorum
1203 2479 1259 2518 non
1285 2481 1322 2519 51

235 2553 332 2602 nostra
356 2548 464 2603 ratione
488 2548 623 2604 montium
642 2546 814 2605 altitudinem
836 2545 970 2603 metiendi
986 2546 1169 2620 intelligenda
1185 2553 1245 2617 est,
1269 2550 1321 2605 sed

234 2632 426 2690 tantummodo
443 2632 478 2689 de
500 2650 622 2690 ascensu
639 2634 702 2708 capi
718 2632 810 2689 debet.

319 2717 365 2773 rr.
381 2721 426 2778 81.
463 2716 557 2788 [Cort.
571 2736 600 2789 p.
616 2721 679 2778 959.
710 2718 785 2775 Gerl.
802 2716 848 2773 ed.
870 2717 936 2774 mai.
950 2716 983 2786 11,
998 2721 1043 2776 11.
1081 2715 1128 2773 ed.
1143 2717 1211 2774 min.
1226 2719 1258 2786 11,
1274 2721 1318 2779 73.

234 2821 262 2876 p.
278 2807 339 2870 105,
356 2809 383 2861 l.
414 2802 497 2858 Debr.
512 2803 533 2872 l,
551 2799 629 2876 101.]
666 2801 770 2872 Verba,
788 2819 860 2874 quae
875 2802 1012 2858 Priscian.
1030 2799 1077 2874 VI,
1093 2808 1136 2870 11,
1153 2805 1197 2861 til.
1211 2820 1241 2875 p.
1256 2807 1318 2863 258.

233 2887 280 2943 Kr.
298 2886 401 2955 attulit,
425 2887 606 2958 grammatice
621 2888 774 2958 perspicua
789 2889 893 2942 nuttam
908 2897 1026 2958 prorsus
1042 2889 1077 2942 ab
1092 2886 1210 2943 historia
1226 2888 1318 2944 lucem

233 2971 352 3038 habent3
375 2986 440 3026 narn
456 2987 531 3043 quae
546 2969 651 3025 deditio
672 2970 781 3026 senatui
796 2987 813 3026 a
829 2969 902 3025 duce
918 2971 1026 3042 aliquo,
1048 2971 1092 3025 oui
1108 2969 1200 3027 Oresti
1216 2987 1318 3028 nomen

226 3061 323 3124 esset,
339 3057 471 3111 nunciata
485 3057 582 3124 tuerit,
605 3055 681 3111 nutlo
698 3057 865 3127 scriptorum
883 3053 1050 3110 documento
1068 3061 1186 3111 constat.
1220 3057 1317 3130 Nuga-

232 3148 275 3198 tur
290 3142 384 3214 igitur,
400 3147 429 3196 ut
443 3143 502 3197 tere
516 3143 595 3210 solet,
619 3140 798 3208 Debrossius,
814 3141 842 3195 in
858 3139 927 3195 Hist.
938 3139 1021 3194 Rom.
1032 3141 1094 3194 Vol.
1110 3141 1129 3195 1.
1144 3157 1173 3212 p.
1189 3145 1242 3200 429
1257 3159 1317 3214 sqq.

232 3234 331 3283 utrem
349 3229 522 3300 exploratam
539 3243 658 3284 narrans
676 3225 802 3284 Orestem
817 3226 907 3293 hune,
928 3225 1021 3296 Appio
1043 3223 1160 3280 Claudio
1179 3227 1208 3282 in
1225 3226 1317 3282 Maee-

231 3312 316 3367 donia
329 3329 380 3384 pro
397 3314 512 3370 consule
528 3314 674 3385 irnperium
689 3315 810 3380 tenente,
827 3312 912 3367 classi
924 3325 1058 3366 romanae
1074 3311 1103 3365 in
1119 3313 1181 3368 sinu
1197 3317 1316 3383 strymo-

230 3398 293 3452 nico
308 3399 482 3468 praefuisse,
504 3404 531 3454 et
550 3415 634 3470 quum
650 3403 715 3470 post
729 3398 815 3470 Appii
831 3401 950 3451 mortem
971 3397 1119 3468 imperium
1134 3395 1316 3468 suscepisset,

230 3481 339 3538 Maedis
353 3484 382 3538 in
393 3483 565 3540 deditionem
579 3485 713 3556 acceptis,
729 3485 790 3540 eius
804 3483 844 3537 rei
855 3481 988 3538 nuncium
1000 3482 1038 3537 ad
1053 3486 1180 3537 senatum
1191 3483 1314 3538 misisse.

231 3568 309 3636 Quae
325 3584 493 3639 quamquam
507 3568 572 3624 fieta
588 3575 653 3624 sunt
666 3570 775 3637 omnia,
791 3573 884 3624 tamen
900 3566 1040 3624 Gerlactrii
1055 3581 1205 3624 assensum
1221 3568 1259 3624 ita
1272 3575 1315 3622 tu-

228 3654 328 3719 lerunt,
346 3656 377 3707 ut
388 3652 453 3709 Vot.
469 3653 513 3707 111.
527 3671 557 3724 p.
573 3659 614 3712 14.
627 3653 780 3710 Debrossio
797 3659 910 3710 auctore
922 3653 1121 3724 Fragmentum
1135 3652 1172 3708 ad
1186 3669 1234 3708 res
1249 3654 1312 3709 anni

228 3741 272 3798 tt.
288 3755 314 3793 a.
333 3735 399 3794 Chr.
415 3754 459 3807 n.,
476 3753 547 3810 quae
557 3741 651 3812 primo
667 3739 736 3794 libro
754 3740 944 3807 continentur,
961 3739 1088 3794 referret.
1340 3809 1341 3814 η

289 3825 418 3883 daed.
450 3821 543 3892 [Cort.
559 3841 587 3894 p.
604 3829 666 3887 959.
698 3824 771 3880 Gerl.
788 3823 832 3879 ed.
847 3825 913 3882 mai.
933 3823 971 3891 11,
987 3826 1033 3882 15.
1068 3822 1111 3878 ed.
1128 3826 1194 3882 min.
1210 3824 1314 3892 lt‚l9.

226 3927 254 3981 p.
267 3914 339 3978 201,
354 3914 399 3968 9ο.
431 3908 638 3978 11511111,ιῇ
659 3911 696 3976 V,
711 3911 773 3979 42]
801 3909 901 3966 Donat.
918 3907 956 3966 ad
970 3908 1035 3964 Ter.
1048 3908 1161 3965 Pharna
1180 3911 1206 3976 1,
1224 3913 1251 3977 3,
1269 3913 1312 3971 18.

226 3995 266 4049 De
281 3995 320 4049 ed
333 3994 561 4066 praepositione,
577 4011 633 4064 qua
656 3994 727 4050 ratio
743 3994 925 4066 significatur,
944 4009 1017 4064 quae
1035 3995 1155 4052 attributi
1169 3996 1312 4050 restionem

224 4095 275 4150 per
296 4097 328 4135 se
349 4097 406 4135 non
428 4079 496 4136 satis
514 4078 658 4136 definitam
680 4079 767 4136 altera
788 4081 900 4136 notione
926 4078 1091 4148 constituat,
1116 4095 1144 4134 v.
1161 4079 1252 4134 Hand.
1275 4079 1311 4136 de

225 4164 343 4220 Partica.
360 4167 417 4221 latt.
434 4165 499 4220 Vol.
513 4164 532 4219 1.
547 4181 577 4234 p.
595 4167 644 4222 106
660 4180 701 4234 sq.
716 4168 745 4220 et
755 4164 875 4236 Kriigeri
888 4163 1010 4220 Granum.
1027 4164 1071 4218 lat.
1091 4169 1116 4228 s.
1129 4168 1191 4222 315.
1206 4166 1309 4233 11111.

220 4247 262 4301 ct.
278 4245 333 4302 Cic.
347 4266 376 4320 p.
391 4249 471 4305 Font.
489 4267 514 4306 c.
531 4255 580 4319 15,
597 4254 641 4308 33.
674 4246 752 4316 Quae
764 4250 791 4304 ri
804 4249 946 4322 mater
958 4247 1116 4318 attendetis,
1137 4248 1255 4314 11ιά1551,
1270 4250 1309 4302 et-

226 4331 1311 4412 modiolorerlelltimptprum,adpem'ordosortem,adusumoc
