3096 4962
440 353 489 410 ΑΙ)
515 349 711 412 ERNESTUM
735 351 1060 412 WUESTEMANNUM.
1255 361 1318 412 m

316 537 378 598 lam
400 539 470 614 lego
490 535 569 598 civili
593 535 715 598 mistum
736 537 876 598 Mavorte
899 539 1044 612 ducllum,

314 637 410 700 Movit
435 639 519 715 quod
544 637 632 699 socio
655 638 812 701 Sertorius
835 641 925 701 exsul
946 639 1047 702 ibero.

187 842 304 920 Quibus
326 841 429 904 verbis
454 859 549 920 quum
572 841 752 919 planissime
771 848 874 922 pateat
886 843 1037 922 temporis
1058 843 1208 919 ambitus,
1232 845 1317 922 quod

187 943 351 1006 Sallustius
384 945 528 1008 Historiis
558 952 743 1022 persecutus
774 951 838 1019 est,
870 946 953 1010 haud
982 947 1160 1026 spernenda
1186 944 1318 1008 Ausonii

185 1045 359 1108 auctoritati
384 1046 577 1109 confirmatio
608 1045 808 1122 coaccedit,
832 1050 917 1125 quod
945 1051 1061 1112 nullum
1079 1047 1204 1111 omnino
1225 1047 1318 1124 Frug-

184 1157 320 1211 menlum
345 1157 462 1227 exstat,
491 1151 576 1227 quod
597 1152 679 1214 ultra
701 1149 887 1212 seditionem
916 1152 946 1214 in
967 1151 1086 1215 Luculli
1109 1148 1246 1212 exercitu
1269 1165 1317 1210 or·

183 1259 246 1313 tam
273 1269 311 1313 ac
340 1254 441 1329 legem
468 1252 628 1315 Gabinium
658 1252 844 1326 descendat;
875 1271 955 1332 quac
984 1273 1079 1334 quum
1105 1269 1187 1314 enno
1212 1251 1263 1313 67.
1287 1267 1316 1312 e.

185 1353 254 1414 Chr.
283 1372 313 1414 n.
342 1355 424 1414 laeta
453 1353 530 1427 sint,
562 1353 638 1415 satis
669 1357 787 1414 certum
815 1355 953 1436 videtur,
988 1364 1147 1418 auctorem
1169 1353 1200 1414 in
1222 1353 1316 1414 rebus

185 1454 278 1515 huius
305 1454 379 1515 anni
404 1456 586 1516 enarrandis
612 1453 705 1514 linem
733 1452 822 1530 operi
855 1457 1060 1532 quaesivisse.
1109 1457 1217 1530 Neque
1250 1454 1317 1516 sine

186 1555 268 1616 iusta
297 1563 328 1616 et
357 1555 444 1632 gravi
472 1573 586 1617 caussa
610 1571 681 1617 eum
708 1555 770 1617 hoc
794 1555 966 1621 instituisse
991 1563 1236 1620 consentaneum
1258 1562 1316 1616 est.

185 1659 260 1719 Nam
287 1658 314 1720 si
342 1675 452 1719 verum
476 1663 541 1732 est,
570 1658 657 1735 quod
683 1661 907 1738 supraposui,
938 1669 1099 1724 auctorem
1119 1657 1150 1720 id
1172 1656 1231 1720 sibi
1252 1656 1317 1720 illu-

184 1761 346 1822 strandum
380 1761 555 1838 sumpsisse
579 1767 720 1838 tempus,
756 1779 819 1838 quo
848 1761 1010 1841 imperium
1035 1765 1209 1825 Romanum
1234 1763 1316 1824 mole

183 1862 390 1940 ingruentium
419 1863 557 1940 undique
584 1865 736 1925 malorum
757 1881 867 1942 parum
889 1867 928 1926 ab
950 1865 1073 1949 interitu
1096 1865 1209 1927 abesse
1230 1863 1316 1926 vide·
1348 1847 1355 1854 ’

183 1972 283 2040 retur,
305 1981 367 2028 non
389 1966 491 2044 potuit
513 1968 592 2028 ultra
616 1983 730 2028 annum
753 1965 804 2027 67.
833 1967 996 2045 progredi,
1019 1966 1136 2045 quippe
1156 1984 1218 2043 quo
1240 1965 1316 2028 ailli-

183 2073 252 2129 ctus
274 2066 323 2128 ille
341 2083 444 2130 rerum
466 2075 567 2130 status
588 2067 649 2130 iam
670 2069 713 2130 ita
733 2076 821 2131 esset
842 2076 989 2151 mutatus
1007 2078 1042 2131 ut
1065 2068 1241 2146 respublica
1262 2085 1316 2147 pe·

183 2169 287 2232 riculis
317 2170 460 2232 omnibus
482 2170 632 2250 dispulsis
662 2189 773 2233 rursus
796 2171 979 2233 confirmata
1000 2170 1159 2248 antiquam
1180 2171 1243 2232 vim
1267 2187 1313 2232 re·

183 2272 317 2350 ciperet,
344 2289 448 2350 neque
469 2273 602 2350 emplius
624 2274 664 2334 de
688 2274 788 2334 salute
808 2271 931 2350 publica
954 2278 1040 2334 esset
1057 2271 1237 2334 timendum.
1281 2272 1313 2332 ln

184 2375 270 2438 ltalia
301 2376 382 2438 enim
413 2381 516 2438 motus
546 2375 653 2437 civiles
687 2383 774 2437 erant
799 2373 966 2451 compositi
1001 2376 1156 2452 planeque
1185 2373 1314 2452 sepulti;

183 2479 298 2540 bellum
327 2478 454 2554 servile,
490 2479 575 2540 unde
602 2493 754 2540 summum
785 2478 919 2541 instabat
945 2477 1132 2556 perieulum,
1165 2477 1313 2540 radicitus

183 2579 388 2655 exstinctum
417 2579 447 2641 in
475 2582 553 2642 urbe
576 2598 654 2642 vero
679 2579 821 2642 restituta
843 2585 985 2659 potestus
1008 2581 1172 2644 tribunicia
1193 2581 1313 2643 animos

184 2682 378 2760 popularium
401 2685 534 2761 partium
560 2684 602 2746 ite
624 2683 819 2758 deliniverat,
847 2688 882 2746 ut
903 2684 1119 2748 contentiones
1140 2685 1225 2758 illae,
1248 2681 1313 2760 qui·

183 2785 241 2846 bus
265 2784 372 2847 civitas
403 2803 460 2864 per
485 2789 663 2864 complures
690 2804 790 2850 annos
818 2787 932 2864 agitata
962 2789 1076 2862 luerat,
1105 2785 1314 2863 prorsusne

184 2894 404 2950 mutescerent.
454 2889 617 2967 Hispania,
644 2888 794 2952 Romanis
818 2906 919 2967 paene
940 2896 1062 2967 erepta,
1089 2894 1164 2966 post
1185 2885 1314 2949 Sertorii

184 2999 316 3052 mortem
343 3004 454 3051 rursus
482 2990 512 3051 in
538 2990 684 3052 ditionem
708 2995 775 3050 erat
797 2990 939 3062 redeam
967 2992 1089 3052 loroces
1111 2989 1313 3050 Macedoniae

184 3101 215 3155 et
236 3091 385 3154 Thraciae
404 3100 513 3170 gentes
533 3093 576 3156 ite
595 3090 752 3166 devictae,
774 3097 808 3152 ut
828 3092 980 3152 rebellare
1000 3107 1062 3151 non
1081 3092 1248 3164 auderent3
1271 3090 1315 3166 pi·

183 3203 318 3260 ratarum
345 3204 437 3259 vetus
466 3199 580 3258 malum
602 3213 734 3274 prorsus
765 3195 937 3268 sublatum,
963 3191 1098 3269 denique
1122 3190 1314 3252 Mithridates

183 3300 226 3361 ita
247 3301 364 3361 inactus
385 3298 566 3378 viribusque
588 3297 777 3372 imminutus,
802 3303 837 3359 ut
856 3295 969 3358 diutius
991 3295 1138 3358 resistere
1158 3309 1220 3357 non
1242 3311 1314 3371 pos-

183 3410 233 3464 set
257 3401 441 3479 lacilemque
468 3401 629 3465 victoriam
657 3400 809 3480 praebere
838 3398 1002 3462 videretur.
1046 3400 1131 3476 Quae
1154 3397 1208 3474 qui
1224 3414 1314 3474 repu-

182 3504 307 3579 taverit,
336 3504 425 3567 facile
452 3505 565 3567 sentiet
586 3505 800 3584 proximorum
824 3519 976 3565 annorum
1004 3519 1055 3563 res
1079 3519 1141 3564 non
1164 3501 1207 3564 ite
1229 3517 1312 3562 com·

183 3615 307 3686 paratas
327 3625 414 3682 esse,
433 3615 468 3669 ut
483 3607 620 3670 Sallustii
639 3606 770 3670 consilio
788 3607 1033 3683 responderent,
1056 3604 1242 3681 dignamque
1262 3602 1314 3664 lli-

184 3709 304 3786 storiis,
326 3709 438 3787 quibus
457 3727 508 3772 res
531 3709 732 3787 gravissimas
751 3710 905 3771 illustrare
925 3706 1131 3782 decrevisset,
1154 3705 1312 3768 materiem

185 3815 379 3892 praeberent.
423 3813 499 3874 Nam
521 3830 617 3888 quum
637 3819 712 3889 post
731 3829 845 3872 annum
866 3811 928 3885 67,
950 3809 1061 3872 ceteris
1083 3811 1149 3871 lere
1171 3807 1314 3872 omnibus

164 3915 305 3994 *imperii
329 3915 469 3993 partibus
501 3915 637 3992 pacatis,
671 3915 839 3993 Pompeius
870 3913 900 3975 in
927 3913 1005 3975 Asia
1031 3927 1160 3989 magnas
1188 3910 1313 3987 quidem

186 4031 237 4082 res
263 4024 402 4097 gereret,
429 4019 486 4080 sed
515 4017 575 4078 iam
600 4024 686 4078 tanto
710 4016 885 4094 insurgeret
911 4018 1008 4090 fastu,
1043 4021 1078 4077 ut
1100 4030 1201 4092 paene
1226 4015 1314 4075 solus

185 4121 348 4201 imperium
365 4123 538 4184 Romanum
559 4120 782 4194 moderaretur,
805 4126 882 4180 nutu
903 4135 962 4181 suo
982 4135 1019 4179 ac
1037 4120 1197 4180 voluntate
1213 4115 1317 4178 omnia

187 4233 308 4302 ageret,
334 4223 501 4300 multisque
525 4223 586 4283 iam
606 4228 736 4299 propter
757 4222 879 4282 nimiam
902 4220 1072 4298 potentiam
1093 4217 1315 4283 formidolosus

186 4327 345 4391 videretur
363 4327 417 4402 (cl.
441 4323 526 4386 Catil.
550 4339 577 4385 c.
599 4323 678 4399 XIX,
699 4321 763 4398 2.),
781 4323 962 4398 Sallustius,
983 4321 1035 4399 qui
1056 4339 1128 4383 eum
1150 4333 1262 4394 magno
1285 4316 1316 4376 in

1058 4424 1080 4485 b
1093 4421 1110 4460 ³i¹
