3102 4956
210 397 274 464 202
571 400 601 458 C.
622 399 795 460 salensis
817 401 931 460 clusin

209 591 307 662 iidem
333 589 535 682 consumpsi.
573 587 699 660 Relieui
724 611 789 659 vos
810 589 907 679 estis3
933 591 989 682 qai
1013 589 1075 660 nisi
1098 588 1292 685 subvenitis,
1303 609 1337 662 10

208 717 311 788 invito
334 719 367 786 et
387 715 596 806 praedicente
618 737 669 783 me
692 714 858 784 exereitus
881 715 956 784 hine
983 720 1016 788 et
1038 739 1173 787 eumen
1198 737 1297 786 omne

208 842 331 912 bellurn
350 839 529 933 Hispaniae
547 839 580 908 in
600 839 724 910 ltaliam
746 842 1060 935 transgredientem

207 1100 238 1141 se
251 1088 350 1142 taetra.
382 1113 419 1124 -·
452 1081 537 1138 Fides
559 1080 627 1154 quid
643 1082 694 1152 ait,
719 1083 925 1154 explicavimus
945 1083 983 1140 ad
1003 1085 1065 1158 lug.
1088 1102 1115 1140 a.
1131 1082 1251 1152 exiliit,
1265 1089 1292 1144 5.

293 1257 318 1320 S.
334 1257 377 1312 10.
392 1253 448 1308 atsi
458 1251 616 1319 subvenitis)
639 1252 777 1319 Quoniam
793 1254 821 1306 in
839 1252 959 1324 apodosi
977 1253 1095 1311 habetur
1111 1255 1242 1322 laturum,
1259 1269 1294 1309 ex

209 1338 414 1398 eonsuetudine
432 1337 519 1393 latina
535 1337 686 1394 dicendam
698 1343 760 1394 erat
771 1338 965 1401 anemen-
980 1340 1033 1396 sod
1049 1339 1214 1396 sententiam
1229 1354 1295 1396 aon·

209 1425 377 1480 dicionalern
400 1424 544 1495 praesenti
574 1423 704 1478 enunciat
719 1424 885 1494 Pompeius,
916 1440 972 1494 quo
994 1427 1134 1498 significet
1160 1424 1293 1480 auxilium

208 1515 322 1566 senatus
337 1525 392 1565 non
409 1509 437 1562 in
451 1509 586 1562 incertum
599 1514 708 1580 tempus
721 1510 842 1564 laturum
853 1508 1037 1566 reiieiendum
1053 1528 1127 1580 esse,
1142 1509 1195 1566 sed
1204 1524 1294 1581 prae-

207 1598 278 1651 senti
289 1601 410 1667 ternpore
421 1599 446 1648 et
459 1594 594 1664 extemplo
604 1593 823 1661 mirmandam,
835 1595 859 1648 si
870 1593 1020 1664 prohibere
1035 1597 1132 1666 velint,
1144 1611 1179 1650 ne
1191 1595 1294 1650 bellum

208 1682 237 1735 in
254 1681 360 1737 ltaliam
376 1679 578 1743 transferatur3
595 1679 631 1732 ei.
649 1677 705 1733 Cio.
721 1679 750 1732 in
765 1679 847 1733 Verr.
865 1679 885 1747 i,
902 1683 928 1748 9,
943 1683 970 1738 6.
994 1679 1072 1738 Reus
1092 1684 1118 1738 si
1139 1681 1295 1736 eandem·

206 1772 327 1832 natur,
357 1764 525 1819 desinent
554 1762 676 1818 bomines
699 1763 791 1819 dicere
805 1763 848 1818 bis
863 1763 971 1820 iudiciis
980 1769 1132 1836 pectiniam
1143 1767 1294 1838 pistrinam

203 1863 305 1924 possa·
319 1852 363 1904 sin
377 1848 589 1915 absolvitur,
612 1848 815 1904 desinemus
835 1863 886 1904 nos
911 1850 949 1904 de·
963 1851 1071 1907 indicis
1090 1851 1295 1923 transferendis

208 1947 357 2003 recusare,
379 1935 426 1989 ubi
446 1933 551 2004 pariter
564 1949 701 2004 praesens
714 1935 800 1990 rnalto
816 1934 933 2006 gravius
949 1941 1000 2004 est,
1013 1953 1096 2008 quarn
1111 1939 1231 1992 futurum
1247 1953 1295 1991 ex·

209 2025 317 2088 aetum,
346 2019 411 2091 quia
432 2017 503 2073 haee
525 2033 559 2072 eo
582 2018 737 2073 continetur
753 2020 905 2074 sententia:
936 2021 960 2074 si
982 2038 1058 2078 nane
1080 2021 1294 2088 condemnatur,

207 2110 236 2162 in
253 2099 316 2174 bae,
331 2119 402 2178 qnae
424 2107 524 2176 apitnr,
540 2117 652 2159 caussa.
667 2131 709 2143 —-·
721 2105 867 2160 Postrema
882 2105 1019 2176 epistolae
1037 2109 1125 2164 verba
1139 2109 1295 2175 (exorabas

207 2193 272 2248 bine
285 2221 328 2232 --
341 2190 603 2263 transpredientnr)‚
620 2190 720 2260 quibus
734 2190 885 2261 Pompeius
898 2193 1006 2246 senatui
1024 2193 1150 2265 graviter
1164 2191 1294 2263 minatur,

209 2279 337 2333 consulto
361 2277 491 2348 ambigue
511 2273 585 2330 dieta
601 2280 680 2344 suna
705 2291 769 2330 nam
785 2276 850 2330 lieet
866 2277 949 2330 simul
972 2274 1007 2330 de
1025 2295 1056 2334 se
1073 2284 1101 2333 et
1116 2277 1152 2332 de
1169 2275 1294 2333 Sertorio

208 2365 283 2434 loqui
302 2361 447 2429 videatur,
473 2367 566 2415 tamen
590 2377 646 2416 non
672 2366 715 2416 est
740 2359 869 2428 dubium,
897 2360 1012 2432 quinae
1037 2365 1128 2419 solum
1146 2362 1292 2434 intelligat.

208 2446 421 2516 Quaesitahaeo
434 2445 601 2515 ambiguitas
611 2445 714 2501 tollitur
726 2444 865 2516 scripturi
878 2447 1109 2519 transmeantur,
1123 2463 1196 2520 quae
1209 2447 1292 2502 inter·

184 2539 191 2558 ·
207 2533 312 2604 palatio
327 2534 356 2586 in
372 2529 438 2586 edd.
459 2529 579 2602 titulari,
594 2531 675 2586 Parei
694 2535 720 2585 et
736 2529 878 2586 Carrionis
894 2529 1004 2602 legitur.
1038 2533 1136 2606 Neque
1152 2534 1292 2604 ambigui-

206 2623 262 2673 tate
278 2631 375 2672 carere
391 2615 522 2673 videntur
535 2617 621 2672 verba
632 2615 729 2672 bellam
737 2615 949 2687 Hispaniae,
965 2633 1102 2690 quaenon
1117 2620 1201 2690 plane
1217 2617 1293 2672 idem

209 2701 376 2774 significant,
392 2704 473 2772 atque
489 2701 514 2755 b.
529 2700 690 2772 Hispanam
704 2703 759 2756 sive
775 2700 975 2771 Sertorianum,
994 2702 1046 2758 sed
1061 2707 1146 2759 multo
1163 2703 1245 2758 latius
1260 2719 1292 2758 aa

209 2787 369 2860 generalius
390 2785 495 2854 bellam,
518 2787 593 2858 qnod
610 2788 639 2839 in
654 2784 795 2858 Hispania
815 2791 856 2842 est
869 2783 1030 2860 designarit.
1074 2788 1181 2844 Romae
1201 2794 1293 2844 autern

207 2874 295 2944 probe
309 2872 479 2928 intellectum
497 2870 601 2938 ruisse,
625 2887 696 2941 quae
717 2887 888 2929 venemens
910 2873 1031 2944 obliquis
1053 2873 1179 2944 Pompeii
1199 2873 1293 2929 verbis

208 2960 347 3025 subesset,
363 2955 528 3013 Plutarchus
544 2954 691 3011 declarat
685 2975 712 3013 in
734 2957 849 3016 Lucullo
871 2975 894 3012 ο
915 2963 940 3015 5
985 2947 1132 3060 Xpnppra
1145 2953 1296 3026 αἱτουντος

207 3040 369 3117 Πομπηΐου
388 3035 438 3098 καὶ
454 3029 629 3138 γράφοντος,
645 3029 693 3115 ὥς,
715 3037 742 3099 εἰ
753 3061 796 3140 μη
783 3029 1010 3140 nipaatev,'
992 3037 1104 3116 αφείς
1124 3028 1149 3098 I
1154 3037 1245 3118 βηρ
1249 3061 1294 3098 αν

208 3113 564 3232 nalZsproiptoveig
578 3111 689 3184 ’ίΙταλ
692 3145 736 3182 αν
752 3114 1180 3224 ἆπάξειτὰςδυνοὶμεις,
1205 3121 1292 3184 onvi—
1374 3143 1376 3146 ·

206 3211 316 3312 πραξεν
340 3202 562 3280 ὅΛούκουλλος
582 3201 796 3306 προθυμότατα
816 3211 994 3288 πεμφθῆναι
1013 3231 1049 3269 ra
1069 3204 1219 3312 χρήματα,
1243 3206 1294 3268 nal

205 3287 312 3373 μηδ”
294 3287 345 3372 αφ’
366 3286 540 3391 ἡοτινοςοῦν
562 3285 742 3395 προφάσεως
763 3288 876 3352 ἐκεῖνον
897 3287 1110 3356 inavaibaiv‘
1094 3289 1291 3396 optaeeriavrog

206 3374 314 3439 adrani·
329 3373 451 3439 πάντα
468 3367 539 3457 γὰρ
557 3368 662 3436 dein?
679 3373 811 3476 ἐκείνῳ
827 3370 1062 3458 γενήσεσθαι
1081 3401 1124 3440 aa
1144 3383 1205 3457 τῆς
1226 3373 1289 3439 nd

206 3469 295 3536 λεως
313 3455 474 3544 παρόντι
495 3451 584 3539 μετὰ
605 3445 798 3540 τοσαύτης
810 3467 995 3544 στρατιᾶς.

290 3553 380 3611 Fra.
414 3547 510 3625 [Deest
525 3549 602 3622 apud
619 3548 702 3620 cora,
719 3551 803 3608 Debr.
820 3557 848 3607 et
862 3553 938 3609 t'erl
951 3553 999 3609 ed.
1015 3556 1138 3610 mai—
1096 3554 1205 3610 —ed
1222 3556 1289 3609 min,

205 3639 250 3708 Ill,
268 3643 312 3696 1⁵.
329 3653 358 3710 p·
374 3642 435 3704 216,
451 3637 507 3704 15.]
536 3593 751 3707 Fragmentdm,
775 3637 851 3710 quod
866 3655 967 3696 reeens
983 3640 1093 3696 aceedit
1106 3655 1141 3695 ex
1156 3640 1242 3697 Aras.
1260 3657 1290 3695 v.

205 3723 298 3790 Kane,
323 3741 352 3795 p.
366 3725 429 3781 943.
445 3719 541 3787 Lind,
565 3728 694 3794 corrupte
713 3723 751 3778 ita
766 3724 868 3795 legitur
881 3726 908 3780 in
926 3723 989 3780 eod.
1009 3725 1078 3782 Gud.
1096 3725 1224 3793 „iiavete
1241 3726 1291 3780 im-

205 3814 335 3883 peratore
355 3823 412 3880 per
433 3806 515 3878 Kapa
535 3801 710 3862 Celtibero.“
742 3803 908 3865 Emendatio
929 3824 1047 3882 prorsus
1070 3816 1147 3867 certa
1174 3810 1292 3866 debetur

206 3893 410 3950 Lindemanno.
440 3891 599 3963 Imperator
614 3891 691 3949 hand
709 3895 792 3951 dubie
808 3901 851 3950 est
867 3893 1019 3964 Sertorius,
1037 3895 1163 3969 perfupa
1175 3887 1291 3954 Celbber

206 3985 297 4035 autem
313 3977 511 4050 intelligendus
529 3979 576 4048 qui
592 3977 628 4033 ad
647 3977 800 4035 Celtiberos
818 3981 983 4053 transtngit;
1013 3997 1100 4053 quare
1115 3981 1205 4037 verba
1226 3997 1290 4037 esse
1309 3988 1313 3993 ’

205 4069 272 4135 puto
290 4064 408 4118 alieuius
424 4079 459 4116 ex
474 4062 647 4120 adversariis
662 4063 779 4120 Sertorii
794 4064 993 4133 clandestinis,
1015 4065 1183 4137 gravissime
1200 4068 1290 4122 leren-

204 4150 294 4215 tibns‚
318 4145 408 4219 quod,
434 4165 518 4219 quum
539 4151 670 4204 extremis
690 4150 756 4203 belli
780 4151 859 4204 annis
883 4150 911 4204 in
933 4150 1068 4206 invidiam
1085 4166 1199 4206 suorum
1221 4153 1291 4206 inei·

206 4233 273 4290 dere
290 4235 431 4306 coepisset
444 4235 494 4304 (ei.
510 4235 555 4290 Fr.
570 4235 602 4303 ll,
617 4236 675 4303 36.)
689 4234 824 4291 Romanis
840 4234 971 4292 diffidens
985 4236 1123 4293 Celtiberis
1136 4237 1291 4292 miriadibus

206 4323 332 4399 camaris
354 4326 486 4375 aleretur.
523 4322 559 4373 ol.
580 4319 703 4396 Appian.
725 4319 757 4374 B.
779 4319 807 4375 C.
826 4321 846 4392 l,
863 4327 923 4382 119.
947 4310 1018 4376 Τότε
1037 4310 1163 4398 μάλιστα
1186 4315 1289 4381 aottot

8 1627 11 1658 Ι

8 1723 10 1756 Ι

7 1757 10 1794 Ι
