3098 4970
142 272 144 284 =
196 308 239 374 56
564 313 594 370 C.
618 313 792 386 SALLUSTI
815 312 928 372 CRISPI

201 507 330 580 'culatos
345 499 419 598 quis
435 500 551 572 eadem
568 501 665 572 v'olt‘t
685 506 744 575 aut
760 503 834 598 quis
849 525 917 578 non
930 499 1040 574 omnia
1053 504 1178 574 mutata
1190 522 1293 594 prae-
1389 548 1393 556 ,

201 636 252 704 ter
269 615 454 702 victorem?
481 605 613 698 Scilicet
633 629 771 716 milites,
797 650 948 724 quorum·
963 628 1126 721 sanguiue
1151 631 1293 703 Tarulae

204 758 401 850 Scyrtoque,
424 754 591 846 paesumis
609 739 948 841 servorumdivitiae
962 758 1077 848 partae
1097 757 1208 860 suntlk
1229 758 1293 842 An,

205 881 326 978 quibus
340 881 509 975 praelatus
527 879 559 950 in
578 879 827 973 magistratibus
846 882 1018 975 capiundis
1037 879 1205 978 Fufidius,
1231 905 1296 954 an·

204 1092 318 1148 tionem.
364 1085 436 1145 Nam
452 1090 527 1145 olere
541 1094 618 1162 patet
632 1089 783 1161 postremis
799 1091 895 1148 verbis
911 1090 998 1146 alludi
1014 1087 1051 1146 ad
1067 1094 1245 1162 assumptum
1261 1093 1296 1148 ab

205 1194 240 1232 eo
256 1190 415 1250 cognomen
431 1174 555 1242 Felicis,
568 1171 724 1246 suppressa
739 1177 797 1232 lere
813 1175 869 1232 hac
891 1175 1045 1242 sententia:
1070 1181 1102 1232 at
1115 1175 1184 1232 adeo
1199 1191 1296 1248 capno-

205 1263 280 1318 mine'
301 1260 353 1316 sibi
363 1264 504 1333 'arropalo
528 1259 651 1318 declaret
664 1262 783 1335 omnium
806 1275 836 1317 se
860 1267 983 1318 rotoma
1004 1265 1153 1334 conpotem
1168 1275 1228 1318 aare
1251 1259 1298 1332 sa·

204 1354 287 1404 ctam.
329 1341 562 1421 Ceterum'totius
582 1341 693 1420 periodi
714 1352 810 1424 partes
833 1348 935 1410 eodem
961 1346 1046 1403 modo
1064 1335 1229 1418 parenthesi
1255 1345 1298 1402 di·

206 1434 357 1500 stinentur,
373 1447 428 1503 quo
444 1435 470 1497 S·
487 1438 513 1494 1.
534 1430 723 1489 disiunctivae
741 1433 876 1488 orationis
893 1435 1020 1490 membra
1040 1431 1213 1504 interpositis
1233 1447 1298 1488 ver·v

203 1521 247 1584 bis
263 1517 358 1590 paullo
373 1517 486 1588 longius
504 1516 576 1592 inter
591 1534 622 1572 se
638 1512 784 1578 recedunt.
984 1515 987 1520 ’

293 1606 319 1667 §-
334 1605 379 1676 21.
397 1649 401 1652 .
424 1599 497 1656 Nam
510 1608 628 1676 praeter
649 1603 718 1670 eto.)
761 1603 929 1660 Enunciatio
944 1617 1076 1675 pernam
1094 1603 1171 1658 illata
1182 1617 1238 1658 nou
1254 1619 1297 1671 re·

207 1691 294 1743 tertur
316 1685 353 1741 ad
368 1687 457 1742 verba
473 1687 602 1758 proxime
615 1685 833 1760 praecedentia,
857 1687 910 1743 sed
927 1687 964 1744 ad
981 1677 1171 1761 supplendam
1187 1693 1298 1766 senten·¹
1327 1703 1329 1708 ’

206 1776 283 1840 tiam,
302 1786 374 1842 quae
392 1771 421 1825 in
438 1771 474 1826 iis
489 1772 565 1825 latet.
595 1772 689 1840 Mente
707 1772 781 1828 enim
797 1772 922 1847 Lepidus
939 1772 1013 1829 hano
1029 1773 1199 1836 sententiam
1215 1789 1298 1844 prae·

206 1858 288 1930 cipit:
314 1855 488 1912 nihilominus
499 1857 552 1910 ista
567 1856 624 1912 eriis
635 1857 755 1929 felicitas
767 1875 824 1915 non
836 1863 914 1915 tanta
928 1864 982 1928 est,
996 1864 1128 1931 quonlam
1141 1859 1297 1932 rpsepamt.
1328 1911 1332 1914 .
1356 1913 1362 1920 .

206 1943 248 2000 De
262 1942 317 2014 hoc¹
330 1949 398 1996 nam
413 1941 570 2014 particulae
586 1959 641 1998 usu
659 1943 694 2001 ci.
710 1942 748 1998 ad
756 1942 817 2017 lug.
831 1961 857 2000 c.
873 1941 948 2013 XIX,
964 1949 990 2002 2.
1008 1943 1131 2014 Gramm.
1147 1945 1194 1999 lat.
1210 1948 1298 2000 nostr.

206 2035 232 2095 S.
248 2030 309 2096 142,
330 2032 357 2094 2.
377 2024 435 2082 not.
453 2033 479 2086 Ι.
497 2029 524 2082 b.
541 2043 569 2099 p.
585 2029 648 2086 472.
662 2033 689 2082 et
705 2033 772 2097 159,
783 2034 815 2093 ,6.
833 2047 861 2102 p·
882 2033 943 2088 ool.
971 2059 1014 2070 -
1043 2027 1179 2098 Victorem
1200 2046 1216 2084 e
1232 2047 1298 2085 con·

207 2116 314 2170 iectura
331 2112 496 2184 scripsimus
509 2128 573 2184 ,pro
588 2114 752 2184 victoriam,
778 2114 854 2186 quod
875 2115 905 2170 in
927 2114 1056 2171 omnibus
1083 2113 1196 2186 quidem
1213 2113 1297 2170 codd.

207 2205 266 2268 est,
288 2195 340 2254 sed
366 2215 482 2254 sensum
503 2196 607 2254 abhoc
623 2200 686 2254 loco
702 2200 906 2256 alienissimum
922 2197 1018 2256 habet.
1051 2199 1135 2258 'Nam
1153 2217 1238 2272 quum
1253 2201 1299 2256 vi-

207 2285 296 2342 ctoria
310 2300 399 2356 penes
416 2283 523 2342 Sullam
538 2289 624 2354 esset,
641 2285 670 2353 ii,
686 2283 734 2357 qui
750 2287 844 2342 omnia
861 2291 967 2342 mutata
978 2287 1056 2350 velle
1069 2285 1199 2341 dicuntur
1209 2300 1297 2357 prae·

206 2376 249 2428 ter
260 2371 409 2440 victoriam,
426 2373 522 2444 optant
538 2368 687 2444 victoriam
707 2386 764 2426 non
778 2373 889 2440 mabri,
909 2369 962 2426 sed
976 2385 1125 2435 remanere
1145 2369 1222 2440 apud
1237 2369 1299 2426 Sul-

206 2445 283 2523 lam,
309 2452 386 2525 quod
405 2454 433 2509 in
455 2469 504 2514 ore
525 2451 625 2524 Lepidi
647 2453 800 2510 absurdum
825 2460 878 2512 est.
921 2455 1072 2511 Praeterea
1101 2443 1300 2524 praecedentis
1410 2511 1413 2516 ,

208 2538 434 2607 enunciationis,
455 2537 522 2612 huic
538 2538 682 2610 aequalis,
709 2541 780 2612 ratio
800 2539 884 2594 docet
900 2555 957 2616 non
972 2554 1019 2596 res
1033 2538 1181 2598 maanaas
1195 2543 1302 2612 opponi

209 2625 292 2682 rebar
304 2640 359 2680 noa
369 2623 516 2693 mutandis,
533 2621 586 2683 sed
596 2623 727 2694 loannes,
749 2625 796 2697 qui
811 2642 858 2681 res
875 2625 975 2680 mutari
989 2625 1114 2696 cupiant,
1130 2625 1236 2696 opponi
1251 2625 1302 2682 bo-

209 2709 327 2766 minibus
342 2710 405 2766 illes
423 2726 479 2764 non
497 2709 598 2766 mutari
621 2709 808 2782 cupientibus.
849 2711 942 2780 Quare
960 2715 988 2770 ut
1002 2711 1098 2782 paullo
1116 2715 1180 2780 ante
1196 2709 1301 2768 dictum

209 2796 260 2852 luit
278 2795 340 2866 qais
357 2796 693 2868 praeter-satellites,
723 2797 761 2852 ita
777 2796 806 2852 in
821 2792 910 2853 altera
931 2795 1203 2852 enunciationedioi
1219 2795 1302 2854 debet

209 2883 272 2956 aab
287 2886 406 2953 praeter
428 2883 611 2938 victorem.
630 2911 673 2921 --
702 2881 812 2940 Scilicet
824 2900 888 2940 cum
903 2881 993 2939 ironia
1016 2880 1158 2950 affirmat„
1181 2881 1257 2954 quod
1271 2898 1302 2938 re

209 2968 274 3040 ipsa
289 2973 427 3041 negatum
450 2984 515 3024 nam
531 2985 633 3042 sensus
646 2974 688 3025 est
702 2971 800 3026 milites
815 2974 899 3039 certe,
915 2970 962 3041 qui
975 2969 1112 3040 sanguiue
1126 2984 1178 3023 suo
1192 2983 1302 3040 paucos

211 3053 343 3132 ditarunt,
359 3053 413 3127 ipsi
429 3054 498 3112 nihil
521 3061 665 3128 ceperunt,
687 3056 784 3112 nolant
791 3047 958 3127 praesentia
973 3069 1029 3109 non
1045 3054 1150 3110 matari
1163 3053 1200 3109 oi.
1221 3057 1248 3119 ς.
1259 3052 1303 3112 17.

210 3171 253 3180 -
276 3139 399 3198 Tarulae
414 3139 569 3214 Scyrtiqae,
591 3135 756 3211 ignotorum,
775 3140 963 3206 nebulonum,
985 3135 1302 3208 nomina'exhibuimuS‚

210 3233 240 3285 ut
255 3227 283 3281 in
306 3225 391 3282 codd.
407 3226 553 3282 Vaticanis
578 3215 725 3295 leguntur}
754 3223 842 3294 vulgo
865 3222 956 3278 editur
980 3221 1120 3280 Tarruloe
1134 3222 1303 3297 Scprroqne.

213 3341 249 3351 -
274 3311 404 3380 Fufidius
419 3313 590 3364 memoratur
613 3307 728 3363 aFloro
746 3307 797 3378 ΙΙΙ,
812 3313 856 3377 al,
871 3313 915 3365 25.
943 3307 1242 3381 AdmonenteFafidio
1264 3310 1301 3364 ai·

210 3409 275 3450 aere
286 3395 393 3466 albaco·
411 3393 518 3462 debere,
536 3399 566 3449 al
580 3397 671 3447 essent
685 3393 782 3466 quibam
793 3395 975 3466 imperarent,
987 3396 1135 3467 proposita
1158 3400 1199 3450 est
1208 3397 1305 3467 inpare

209 3481 258 3536 illa
285 3477 379 3533 labala
405 3483 458 3533 etc.
492 3477 571 3533 Idem
600 3475 684 3533 tradit
706 3477 825 3535 Orosius
847 3479 883 3548 V,
902 3483 946 3537 ΙΙ.
996 3479 1075 3536 Tunc
1090 3477 1169 3536 Sulla
1190 3486 1304 3536 anctore
1404 3509 1406 3512 ·

209 3565 243 3622 L.
261 3563 373 3634 Fufidio
383 3564 561 3636 primipilari
575 3563 686 3635 prebeas
707 3563 840 3636 infamem
861 3565 935 3620 illam
956 3563 1076 3642 tabulam
1091 3566 1305 3638 proscriptionis

159 3699 162 3706 .
210 3649 338 3711 inclama,-
377 3647 430 3706 sed
458 3654 576 3719 utroque
605 3649 669 3703 loco
692 3641 799 3705 nomen
825 3639 956 3721 corrupte
982 3651 1112 3706 scribitur
1140 3649 1305 3722 aurnum,-

211 3736 249 3790 ci.
273 3735 356 3788 etiam
379 3733 521 3814 plutarch.
543 3734 572 3788 in
593 3731 673 3790 Sulla
693 3753 717 3790 c.
742 3740 786 3795 31.
810 3735 856 3792 ubi
882 3736 911 3790 in
933 3735 1062 3792 eiusdem
1080 3737 1120 3791 rei
1143 3736 1304 3792 narratione

147 3850 148 3859 κ
210 3838 262 3893 pro
281 3807 454 3892 Ἀφίδιον
472 3819 623 3892 legendum
644 3825 687 3876 est
709 3815 897 3895 coeptorum
917 3837 1008 3892 neque
1025 3820 1140 3876 dubium
1155 3827 1213 3890 est,
1236 3822 1304 3892 quin

212 3905 247 3961 de
272 3905 375 3963 eodem
389 3903 500 3961 Fufidio
523 3905 737 3979 intelligendum
754 3908 789 3962 sit
802 3907 915 3978 Fragm.
930 3907 951 3976 l,
973 3910 1018 3966 68.
1032 3905 1080 3961 ubi
1091 3897 1122 3963 v,
1137 3935 1180 3946 -
1195 3906 1304 3963 Ancilla

211 3993 303 4062 tarpir
331 3994 448 4047 vocatur
476 3995 590 4064 propter
619 3992 765 4047 servilium
790 3991 1008 4048 ministeriorum
1033 3993 1216 4063 obsequium,
1247 4009 1303 4046 nou

212 4075 297 4132 modo
311 4076 399 4132 libero
414 4074 538 4148 homine,
558 4071 704 4133 sedetiam
720 4094 805 4135 servo
821 4076 968 4151 indignum
977 4093 985 4146 ;
1002 4075 1065 4134 cam
1080 4077 1210 4133 irrisione
1228 4077 1303 4133 enim
1409 4079 1411 4084 '

210 4162 380 4230 seminarum
401 4163 542 4220 vocabula
556 4161 593 4218 ad
603 4207 605 4210 .
616 4164 694 4220 viros
710 4164 929 4234 transferuntur,
951 4168 980 4218 ut
996 4162 1171 4235 significetur
1184 4159 1245 4219 ¹eos
1263 4163 1303 4218 in·

211 4249 296 4330 genio
308 4263 341 4303 ac
357 4249 480 4315 moribus
496 4248 534 4312 ad
548 4249 699 4316 femineam
717 4248 904 4306 infirmitatem
925 4254 952 4306 ot
974 4248 1164 4328 impotentiam
1180 4247 1304 4326 degene-
