3098 4970
453 370 702 429 nlsrotunttotu
722 369 955 454 insumenda.
1000 370 1066 426 LlB.
1090 373 1110 426 Ι.
1267 363 1328 430 153

242 559 334 652 perio
353 559 550 630 continenda
568 557 639 628 tuit.
661 557 837 628 Praeterea
854 556 1063 627 diversorum
1076 556 1229 628 ordinum
1247 611 1254 627 .
1270 611 1278 627 .
1295 611 1302 627 .
1319 595 1331 628 .·

242 809 334 857 tamen
352 809 416 856 cum
431 799 597 872 Kreyssigio
616 798 761 854 ferendum
784 803 923 870 putamus.
951 796 1022 852 Nam
1037 813 1123 870 quum
1135 798 1295 854 Latinorum
1310 817 1329 855 u

244 889 331 942 breve
346 886 486 957 quandam
502 885 565 940 soni
580 884 789 940 similitudinem
804 899 867 938 cum
883 901 903 938 u
918 897 1022 954 graeco
1036 882 1167 951 haberet,
1192 884 1328 956 quemad-

244 971 358 1028 modum
373 971 513 1028 vocabula
531 969 624 1035 Sutia,
639 967 788 1038 Romulus,
801 968 898 1040 Capua
913 983 1016 1040 graece
1032 967 1189 1043 scribuntur
1203 958 1329 1037 Σύλλας,

237 1043 395 1130 Ῥωμύλος,
417 1043 535 1128 Καπύη,
552 1056 589 1110 ita
607 1053 691 1108 etiam
707 1055 820 1109 inverso
836 1053 921 1108 modo
936 1052 997 1108 fieri
1014 1053 1140 1124 potuisse
1157 1054 1282 1121 videtur,
1301 1060 1330 1108 ut

244 1142 333 1197 Latini
354 1159 405 1213 pro
425 1158 445 1195 u
464 1143 568 1212 graeco
589 1157 608 1194 u
631 1145 775 1209 ponerent.
805 1138 836 1192 In
858 1137 947 1194 Taciti
968 1137 1031 1192 cod.
1053 1137 1129 1194 Med.
1151 1146 1224 1194 certe
1244 1138 1330 1195 Suria

244 1239 330 1298 saepe
346 1231 437 1282 exstat
451 1241 502 1296 pro
517 1223 611 1297 Syme,
624 1241 715 1295 neque
732 1224 869 1279 dissimile
886 1228 938 1289 est,
955 1222 1031 1294 quod
1046 1223 1122 1293 apud
1136 1223 1328 1292 cmxxxiv,

243 1314 286 1378 62,
303 1315 343 1370 ta.
368 1314 396 1366 in
420 1310 483 1366 cod.
499 1309 647 1380 Bambergt
664 1309 782 1381 allisque
798 1308 894 1363 Bursa
916 1308 1017 1378 legitur
1033 1323 1084 1379 pro
1103 1309 1204 1381 Byrsa.

328 1395 402 1467 meod
414 1398 463 1462 aa)
492 1394 532 1448 lta
551 1394 675 1447 Pertzius
698 1399 773 1448 recte
796 1391 924 1463 scripsit,
953 1393 1018 1447 licet
1037 1392 1156 1449 dimidia
1177 1400 1282 1450 tantum
1305 1396 1328 1464 Q

245 1481 334 1535 littera
354 1483 383 1536 in
398 1479 584 1552 palimpsesto
601 1485 770 1548 compareat.
807 1477 884 1532 Idem
900 1479 972 1550 repta
988 1478 1102 1550 Apionis
1121 1479 1193 1533 bene
1212 1480 1331 1535 restituit

245 1581 280 1621 err
296 1564 471 1636 palimpsesti
485 1562 613 1634 vestigiis
628 1550 811 1619 audisset(
830 1601 878 1616 ...
901 1561 983 1619 locis
1003 1563 1039 1618 de
1063 1563 1174 1634 Apione
1192 1580 1278 1635 supra
1293 1567 1332 1619 al-

244 1650 308 1706 latis
330 1650 403 1705 adde
425 1649 521 1705 lustin.
539 1646 665 1717 XXXIX,
679 1653 707 1705 5.
730 1647 817 1704 Tacit.
834 1647 909 1702 Ann.
929 1647 1003 1716 XlV,
1020 1652 1063 1707 18.
1083 1676 1125 1687 -—
1155 1649 1217 1705 Non
1238 1648 1330 1705 minus

244 1741 319 1790 certe
348 1735 472 1790 Pertzius
502 1735 631 1788 lacunam
662 1732 839 1804 palimpsesti
871 1728 1010 1788 Nosstsb.
1034 1773 1041 1786 .
1067 1772 1075 1788 .
1101 1736 1225 1805 explevit
1255 1735 1332 1791 nobit

245 1819 343 1884 datum
366 1820 418 1875 sed
435 1816 578 1890 sequentis
594 1831 695 1873 versus
711 1817 829 1873 restituti
845 1823 976 1888 recteque
999 1818 1129 1874 intellecti
1147 1821 1209 1876 laus
1225 1821 1331 1893 Kreys-

245 1905 318 1976 sigio
335 1904 461 1960 debetur.
492 1904 563 1960 Nam
579 1919 664 1974 quum
677 1904 803 1960 Pertzius
819 1901 936 1958 mirilico
953 1915 1049 1958 errore
1064 1903 1263 1962 PERGENTIS
1279 1923 1330 1978 pro

244 1990 393 2062 participio
410 2003 533 2062 perpere
557 1989 637 2044 verbi
656 1988 816 2056 habuisset,
851 1989 979 2042 lacunam
1000 1989 1200 2059 praecedentis
1229 2007 1330 2046 versus

244 2075 307 2130 inde
323 2091 394 2131 voce
412 2074 550 2146 explevit,
572 2079 650 2128 ratus
665 2071 710 2128 his
729 2074 823 2130 verbis
838 2073 941 2142 prioris
963 2075 1144 2145 magistratus
1165 2077 1226 2131 sive
1247 2088 1332 2148 qnae·

246 2160 328 2214 storis
349 2160 546 2216 decessionem
566 2175 583 2212 e
605 2157 715 2229 Cyrene
738 2156 903 2228 significari.
941 2155 999 2212 Sed
1021 2172 1058 2213 cx
1078 2161 1224 2229 prouincia
1245 2175 1330 2231 pcr-

244 2259 328 2316 9crc
348 2261 433 2315 quum
456 2257 537 2297 nemo
561 2242 720 2297 Latinorum
742 2243 859 2308 dixerit,
887 2241 1003 2312 proprio
1025 2243 1053 2296 in
1074 2259 1109 2297 ea
1132 2261 1163 2298 re
1183 2245 1334 2300 decedendi

246 2331 384 2385 vocabulo
400 2330 541 2384 obtinente
558 2329 601 2395 (v.
618 2327 655 2382 ad
666 2327 725 2398 lug.
736 2325 797 2393 XX,
811 2331 836 2383 1.
849 2343 877 2397 p.
888 2330 948 2384 tao.
963 2327 1106 2383 Xuellner.
1125 2328 1162 2383 ad
1174 2328 1233 2384 Cic.
1248 2329 1331 2385 Tusc.

245 2413 277 2482 ll,
294 2419 338 2482 ab,
354 2418 397 2472 61.
412 2431 440 2486 p.
456 2413 517 2472 2³0.
538 2413 621 2467 Fabri
638 2411 675 2466 ud
691 2410 760 2467 Sall.
775 2411 835 2483 lug.
851 2410 978 2478 XXXVI,
997 2413 1054 2480 4.),
1075 2413 1152 2468 aliud
1167 2413 1330 2471 Sallustium

246 2500 396 2570 scripsisse
412 2513 532 2554 necesse
548 2503 600 2552 est.
632 2495 766 2556 Sollerter
784 2497 868 2568 igitur
885 2495 1068 2569 Kreyssigius
1090 2505 1237 2555 assecutus
1251 2498 1332 2555 PER-

246 2583 374 2642 GENTlS
390 2597 457 2642 esse
467 2598 523 2656 per
536 2587 643 2655 qnater,
658 2585 693 2637 in
709 2583 810 2637 lacuna
825 2581 913 2636 luisse
930 2583 1050 2638 coniecit
1062 2583 1135 2653 ilica,
1158 2601 1213 2656 quo
1230 2600 1330 2641 sensus

245 2669 338 2741 prodit
352 2671 436 2742 longe
451 2669 625 2740 aptissimus.
662 2669 732 2722 Nam
748 2683 832 2738 quum
847 2672 942 2738 pateat
957 2667 1121 2740 Sallustium
1137 2685 1280 2726 caussam
1291 2672 1331 2726 al-

247 2755 336 2820 lerre,
360 2771 409 2810 cur
425 2754 556 2810 lentulus
574 2752 701 2825 Cyrenas
718 2753 754 2806 sit
768 2753 882 2821 missus,
903 2753 932 2806 in
948 2769 982 2806 eo
997 2753 1118 2825 positam
1134 2756 1222 2810 tuisse
1238 2755 1330 2822 tradit,

246 2839 337 2909 quod,
360 2855 444 2909 quum
464 2838 611 2893 domestici
629 2839 808 2907 magistratus
826 2836 889 2896 illas
912 2838 1056 2905 civitates,
1084 2844 1115 2893 ut
1135 2846 1200 2895 sunt
1219 2843 1331 2897 orientes

242 2925 409 2996 populorum
428 2923 537 2995 inpacto
555 2921 593 2975 od
608 2895 783 2992 tyrannidem
792 2935 903 2989 prona,
932 2923 1135 2992 imprudentius
1160 2930 1187 2978 et
1208 2927 1333 2982 ambitio-

241 3008 306 3063 sius
322 3009 478 3074 rexissent,
493 3021 545 3077 per
561 3011 738 3075 quaestorem
752 3001 908 3058 Romanum
926 3005 1036 3077 Cyrene
1051 3007 1233 3077 prudentiore
1248 3027 1331 3082 quam

246 3091 445 3164 inquilinorum
458 3098 485 3147 et
499 3092 590 3145 minus
605 3089 712 3162 gloriae
729 3087 813 3144 avido
826 3088 943 3166 imperio
955 3091 1124 3148 continenda
1136 3099 1222 3147 esset.
1252 3094 1331 3162 Quae

246 3181 334 3234 verba
352 3178 435 3233 simul
452 3176 529 3232 haud
544 3179 663 3230 obscure
684 3173 908 3245 significantem
926 3173 1034 3247 Cyrene
1050 3177 1077 3231 in
1093 3177 1258 3248 provinciae
1277 3180 1332 3233 lor·

246 3279 320 3318 mam
335 3263 451 3318 redacta
467 3262 574 3330 luerit,
586 3267 614 3316 ct
630 3265 727 3332 aperte
746 3257 899 3314 ostendunt
912 3260 1058 3315 Lentulum
1073 3277 1130 3316 non
1151 3263 1240 3318 luisse
1258 3265 1332 3334 prio·

246 3349 284 3403 ris
299 3349 481 3420 magistratus
497 3362 706 3414 successorem,
729 3359 812 3416 quem
828 3345 929 3399 Pertzii
944 3347 1069 3400 errorer‘n
1085 3347 1247 3404 Huschkius
1264 3365 1332 3420 quo-

247 3449 301 3504 que
318 3451 345 3504 ρ.
360 3437 422 3491 282.
443 3440 470 3489 et
485 3432 686 3488 Mommsenius
701 3443 731 3500 p.
747 3433 808 3488 198.
831 3431 952 3501 amplexi
969 3439 1041 3486 sunt.
1077 3432 1167 3501 Quem
1181 3431 1332 3490 Sallustius

246 3518 340 3590 paullo
356 3518 504 3572 obscurius
521 3515 663 3588 significat
678 3514 851 3586 Cyrenarum
865 3517 1038 3586 praelectum
1054 3532 1110 3572 non
1126 3519 1195 3574 salis
1210 3519 1332 3590 pruden-

248 3610 302 3657 tem
314 3601 478 3674 gloriaeque
492 3597 657 3667 avidiorem,
674 3606 743 3654 teste
757 3600 903 3654 Plutarcho
920 3601 955 3656 de
970 3602 1080 3657 mulier.
1099 3604 1164 3659 virt.
1180 3621 1204 3662 c.
1224 3608 1265 3663 19.
1284 3607 1333 3660 luit

246 3687 476 3756 Nicocrates,
493 3687 540 3756 qui
556 3684 705 3758 tyrannide
725 3689 863 3755 occupata
875 3686 1070 3742 crudelissime
1088 3689 1116 3742 in
1129 3689 1207 3746 cives
1220 3691 1332 3759 saeviit,

246 3774 363 3844 eiusque
379 3772 462 3826 trater
475 3771 654 3838 Leander,
670 3770 717 3824 illo
726 3770 822 3825 occiso
837 3770 893 3824 vim
910 3787 1045 3826 summam
1057 3773 1332 3830 stolideinsolenter-

245 3874 299 3929 que
315 3873 461 3912 exercens.
482 3887 524 3894 -—
549 3855 621 3910 Per
633 3857 735 3928 pantu,
757 3857 776 3908 i.
791 3871 816 3908 e.
832 3855 904 3910 inter
916 3861 1026 3928 gentem
1048 3857 1084 3912 cl.
1102 3859 1180 3914 locos
1198 3861 1332 3932 oltreys-

246 3943 318 4014 siglo
335 3945 434 3999 allatos
451 3941 537 3996 Tacit.
553 3941 627 3996 Ann.
642 3939 702 4008 Xll,
719 3945 760 4006 12,
776 3945 802 3998 1.
818 3937 863 3994 Ito
878 3941 988 4012 dynam
1003 3943 1151 3998 maioribus
1168 3945 1267 4000 suiset
1282 3944 1331 4017 fa-

197 4046 200 4051 ·
245 4029 318 4083 mitia
330 4027 535 4096 Cassiorcms,
553 4026 1135 4098 perillocquoqccqentcscctcbrctn.
1164 4027 1329 4097 altitona.

244 4113 401 4186 Aderatque
416 4115 450 4168 iis
466 4113 562 4168 clano
573 4124 642 4182 per
665 4109 750 4164 illos
769 4115 893 4182 pentes
912 4141 954 4150 -
970 4110 1128 4166 Boiocalus.
1150 4143 1193 4152 -
1225 4113 1264 4168 lle
1285 4131 1331 4170 ac·

245 4199 363 4253 cusaiivi
384 4199 579 4254 terminatione
596 4197 623 4250 in
639 4196 676 4260 ic,
703 4210 785 4264 quarn
802 4194 893 4250 codex
910 4195 1121 4265 antiquissimus
1141 4197 1329 4268 incorruptam

243 4285 381 4360 praebet,
397 4285 433 4340 ci.
450 4283 486 4338 ad
501 4283 547 4338 Fr.
563 4283 583 4349 Ι,
599 4285 649 4348 et,
662 4279 707 4337 20.
725 4278 771 4348 lll,
790 4286 813 4348 l,
830 4287 855 4337 l.
878 4280 923 4350 lll,
938 4284 982 4348 73,
999 4286 1040 4338 lo.
1058 4284 1100 4338 19.
