3096 4962
231 419 274 484 50
496 457 501 462 ‚
593 418 624 478 o.
647 419 820 480 smnusn
843 405 956 479 cursui

234 611 311 705 quia
339 631 406 680 non
434 609 530 680 aliter
554 607 639 678 salvi
660 607 809 702 satisque
829 607 890 677 tuti
911 604 945 676 in
964 603 1103 699 imperio
1123 602 1229 687 eritis,
1258 603 1321 674 nisi

234 737 368 808 Vettius
383 736 501 808 Picens
522 739 555 807 et
574 735 682 806 scribo
701 733 876 806 Cornelius
896 734 1004 806 aliena
1022 734 1109 804 bene
1127 733 1222 822 parte
1237 751 1321 821 pro-

235 864 406 957 degerint,
431 861 494 934 nisi
507 861 726 954 approbantis
743 883 859 933 omnes
872 859 1146 952 proscriptionem
1162 855 1322 927 innoxio-

234 1012 307 1061 rum
321 991 364 1062 ob
379 987 527 1075 divitius,
555 987 720 1059 cruciatus
736 989 885 1060 virorum
903 987 1096 1073 illustrium,
1115 987 1244 1055 vestem
1260 1005 1322 1053 ur-

146 1135 150 1142 ·
233 1117 308 1186 bem
322 1117 408 1209 ruge
420 1118 454 1186 ¹et
468 1114 640 1202 caedibus,
663 1115 751 1186 bona
761 1113 887 1186 civium
902 1113 1099 1186 miserorum
1119 1109 1214 1208 quasi
1228 1109 1322 1184 Gim-
1422 1115 1425 1121 ’

233 1351 333 1402 statum
347 1361 399 1419 pro
415 1347 519 1420 optimo
533 1345 653 1415 habere,
668 1361 701 1403 ac
716 1346 889 1418 reipublicae
906 1346 1024 1402 salutem
1040 1345 1068 1400 in
1081 1341 1255 1419 perditorum
1270 1340 1321 1398 ho·

232 1433 337 1488 minum
359 1433 470 1489 luxuria
491 1434 611 1506 positam
636 1439 754 1504 putare;
784 1433 809 1488 si
832 1432 895 1505 quis
915 1448 984 1488 vero
999 1432 1078 1487 aliter
1096 1431 1199 1488 sentiat
1211 1435 1242 1483 et
1255 1429 1321 1484 tolie

232 1520 327 1575 liberis
343 1518 504 1577 hominibus
520 1519 637 1591 indigna
652 1519 745 1588 dicet,
768 1519 900 1574 continuo
915 1535 980 1573 eum
996 1517 1162 1573 seditiosum
1177 1533 1211 1572 ac
1227 1517 1321 1570 turba·

231 1611 321 1659 torem
336 1605 508 1676 reipublicae
523 1607 634 1660 vocari.
647 1633 692 1646 --
723 1604 824 1660 Vettius
838 1603 924 1661 homo
938 1621 1041 1676 parum
1055 1609 1137 1660 notus
1152 1608 1210 1670 est,
1227 1617 1319 1672 neque

231 1693 347 1746 multum
367 1690 396 1745 id
418 1696 513 1746 nostra
534 1691 632 1759 reiert3
656 1703 721 1745 nam
745 1689 800 1744 hoc
826 1696 901 1746 certe
922 1695 1032 1746 constet
1051 1705 1116 1744 eum
1136 1689 1224 1744 tuisse
1250 1687 1321 1741 inter

231 1777 401 1844 nebulones,
418 1793 490 1847 quos
506 1782 658 1831 sexcentos
673 1773 752 1832 sula
770 1775 852 1831 bonis
866 1776 1089 1848 proscriptorum
1104 1774 1225 1830 satiavit.
1248 1772 1321 1828 Num

232 1859 308 1914 idern
324 1861 360 1915 sit
374 1877 438 1916 cum
451 1861 515 1929 iilo,
531 1878 613 1932 quern
633 1860 731 1916 Cicero
749 1866 885 1916 memorat
905 1862 933 1916 in
948 1859 1021 1933 Eppss
1036 1859 1074 1916 ud
1089 1861 1173 1917 Attio.
1190 1860 1237 1928 lV,
1253 1862 1279 1926 5,
1293 1861 1321 1915 1.

233 1953 260 2000 et
272 1946 327 2017 Vl,
343 1951 373 2015 l,
392 1951 434 2006 15.
449 1963 506 2001 non
521 1947 623 2019 liquet3
641 1952 735 2003 tomen
750 1963 786 2001 ex
797 1963 831 2002 eo
845 1948 991 2019 probabile
1005 1953 1064 2015 eet,
1078 1947 1154 2018 quod
1165 1945 1321 2019 posteriore

232 2033 295 2086 ioco
309 2047 442 2105 rnonccps
457 2038 584 2093 vocatur.
602 2063 640 2074 -
664 2032 704 2088 De
726 2033 850 2089 Corneto
871 2034 966 2106 paullo
986 2034 1097 2106 planior
1119 2049 1165 2088 res
1190 2037 1233 2086 est
1257 2031 1320 2084 ioco

233 2116 376 2173 Ciceronis
392 2118 428 2174 de
442 2117 499 2175 Off.
515 2119 553 2187 H,
568 2124 602 2188 8,
617 2123 662 2178 29.
705 2117 825 2174 Hastam
841 2118 876 2174 P.
893 2117 972 2174 Sulla
987 2136 1072 2192 petum
1086 2117 1220 2176 vibrasset
1235 2116 1320 2171 dieto-

231 2209 290 2258 torc
310 2207 554 2277 propinquorum
579 2205 650 2265 idem
674 2210 753 2260 secto
782 2207 918 2261 tricesim
941 2221 1017 2261 anno
1036 2210 1104 2278 post
1123 2223 1142 2260 11
1167 2204 1322 2260 rceketiore

230 2287 311 2344 harto
326 2305 382 2346 non
401 2293 529 2354 recessim
551 2291 746 2360 atterentem,
770 2294 832 2364 qui
847 2293 882 2346 in
899 2290 966 2346 itta
992 2291 1177 2348 dictatura
1199 2286 1321 2344 scribo

229 2374 367 2446 fuerat,
394 2379 423 2430 in
450 2375 505 2431 hac
526 2376 582 2448 fuit
600 2381 730 2448 quaestor
758 2376 893 2432 urbanus.
948 2375 1065 2433 Scribae
1091 2381 1183 2431 autern
1208 2380 1320 2430 auctore

231 2459 314 2514 Festo
328 2477 358 2530 p.
372 2464 435 2518 333.
449 2461 544 2515 Muell.
563 2463 607 2532 (p.
622 2466 684 2520 258·
699 2460 842 2530 Lindem.)
864 2461 1023 2517 scribebant
1045 2461 1169 2516 rationes
1193 2460 1320 2531 publicas

231 2545 260 2598 in
274 2545 391 2614 tabuljs3
414 2543 449 2600 oi.
465 2543 563 2600 Cicero
580 2547 608 2600 in
623 2547 707 2602 Verr.
721 2545 775 2616 111,
794 2550 837 2616 79,
854 2550 914 2606 183.
955 2545 1118 2602 Scribarum
1129 2545 1198 2616 fidei
1212 2544 1321 2600 tabulae
1429 2599 1440 2614 ,

226 2629 356 2701 publicae
379 2633 560 2705 perimitque
590 2630 801 2706 maprbtratuom
826 2634 1037 2688 committuntur.
1070 2631 1176 2686 ‘Plura
1199 2629 1267 2686 vide
1292 2631 1320 2684 in

230 2713 362 2770 Creuzeri
377 2716 491 2790 Antiqq.
507 2717 590 2773 Rom.
606 2723 632 2785 s.
649 2722 710 2778 173.
726 2736 754 2791 p.
770 2723 823 2777 252
839 2733 881 2789 sq.
899 2716 945 2772 ed.
959 2717 992 2772 ΙΙ.
1004 2717 1131 2788 Apparet
1146 2717 1240 2789 igitur,
1254 2713 1321 2770 Cor·

230 2801 350 2870 nelium,
370 2817 455 2873 quum
469 2805 498 2858 in
511 2803 627 2860 Sullana
643 2805 725 2860 hasta
739 2805 848 2860 tabutas
865 2803 993 2876 pubiicas
1009 2801 1175 2871 conficeret,
1186 2817 1320 2874 magnum

230 2903 361 2942 oreore
380 2894 527 2959 quaestum
543 2891 656 2947 iecisse.
672 2918 714 2930 -·
734 2889 772 2948 Et
786 2893 849 2944 onte
865 2889 973 2960 scribo,
996 2887 1073 2961 quod
1097 2889 1125 2943 in
1148 2888 1194 2944 ed.
1209 2887 1320 2943 Gruteri

121 3022 127 3032 .
230 2981 257 3027 et
272 2971 357 3029 Cortii
373 2972 467 3045 deest,
485 2976 614 3034 codicum
630 2977 793 3034 auctoritate
807 2977 997 3050 reposuimus.
1013 3001 1052 3016 ·-
1076 2973 1166 3031 Porto
1180 2973 1243 3046 pari
1259 2971 1318 3026 iere

229 3058 314 3115 codd.
330 3059 387 3116 fide
405 3062 553 3118 stabilitum
570 3063 682 3120 videtur
698 3069 781 3135 atque
790 3069 913 3134 parato,
930 3061 1007 3134 quod
1021 3061 1186 3118 Gerlachius
1202 3060 1230 3113 in
1245 3063 1320 3113 utru-

229 3161 283 3217 que
299 3145 345 3202 edt
362 3145 461 3218 habet;
486 3166 588 3221 quere,
608 3166 693 3220 quum
714 3145 844 3202 cod-icum
867 3149 952 3202 lectio
972 3163 1029 3201 non
1054 3163 1172 3219 prorsus
1189 3149 1319 3200 accurate

228 3238 340 3288 enotata
360 3233 409 3302 sit,
425 3249 489 3288 cum
505 3233 609 3289 Orellio
631 3249 693 3287 eam
710 3231 887 3302 recepimus,
911 3247 982 3303 quae
1005 3231 1130 3288 Saliustii
1152 3247 1207 3288 usu
1227 3228 1319 3300 magis

228 3318 347 3387 probate
361 3317 474 3371 videtur
483 3333 491 3384 ;
515 3320 551 3370 ci.
568 3317 604 3370 ad
620 3317 682 3388 lug.
698 3313 739 3383 X,
755 3321 780 3375 4.
797 3322 824 3369 et
840 3315 877 3370 ad
891 3316 997 3385 XXXI,
1014 3320 1057 3376 17.
1077 3347 1114 3358 -
1145 3315 1319 3390 Approbori·

228 3403 262 3455 tis
282 3404 327 3455 est
343 3401 371 3453 in
387 3400 452 3454 Vei.
476 3407 501 3457 1.
523 3405 567 3469 3.;
591 3401 677 3472 vulgo
695 3399 786 3456 editur
807 3401 1037 3475 approbaveritis.
1063 3433 1106 3444 --
1132 3402 1319 3474 Proecnptio-

228 3497 306 3558 nom,
322 3501 374 3556 pro
390 3500 445 3555 quo
466 3485 543 3556 apud
559 3484 698 3554 Curtium,
715 3487 873 3546 Weissiurn
897 3495 924 3542 et
940 3490 1112 3561 antiquiores
1127 3487 1264 3561 plurimos
1282 3487 1319 3539 le-

229 3572 306 3654 gitur⁸
324 3571 559 3650 proscriptiones,
592 3589 690 3628 verern
715 3588 780 3628 esse
798 3574 965 3645 scripturam
985 3591 1041 3630 non
1067 3577 1158 3631 solum
1184 3576 1320 3628 testantur

228 3657 292 3712 Vut,
309 3662 336 3714 1.
350 3662 378 3714 3.
390 3660 428 3726 3,
443 3673 544 3713 verum
559 3659 622 3730 ipsa
637 3659 737 3730 probat
752 3659 906 3714 sententiae
928 3659 1009 3715 ratio.
1033 3661 1104 3717 Nom
1119 3665 1149 3714 ut
1156 3657 1319 3731 proscri-

225 3743 366 3814 ptiones
379 3744 556 3800 innoxiorum
569 3761 621 3817 per
638 3755 668 3798 se
683 3744 870 3813 remetiatur,
884 3746 922 3800 itu
936 3760 1207 3818 omneeproscr.
1221 3745 1317 3798 innox.

230 3827 383 3884 absurdum
402 3835 459 3897 est,
493 3831 573 3900 quasi
595 3829 724 3886 nonullae
749 3831 971 3902 proscriptiones
999 3833 1178 3887 innoxiorum
1206 3828 1319 3902 probari

229 3916 381 3984 potuerint.
427 3913 661 3987 Coniungendum
678 3921 771 3971 autern
785 3929 880 3972 omncs
899 3917 1097 3990 approbantis,
1113 3931 1197 3988 quum
1211 3910 1318 3985 Lepido
1377 3921 1379 3926 ’

230 3998 323 4054 iudice
340 3999 421 4056 Sulla
433 3999 539 4056 1111111111
552 4018 620 4057 esse
635 4003 736 4069 veliet,
757 4004 806 4074 qui
817 4017 873 4058 non
886 4005 1060 4075 ¹approbaret
1073 4001 1333 4074 proscriptionem,-

229 4101 262 4140 ac
281 4086 369 4158 siquis
385 4073 571 4157 improbeiet,
592 4087 758 4143 seditiosum
776 4086 890 4144 diceret.
911 4118 954 4130 —
976 4088 1146 4144 iteratione
1167 4087 1323 4144 verborum

228 4169 262 4224 ob
289 4171 421 4240 dibr'tioe,
444 4171 648 4242 attributivim
673 4173 850 4241 habentium,
883 4174 950 4229 vide
978 4171 1016 4229 ad
1035 4173 1097 4246 lug.
1113 4190 1139 4227 c.
1154 4170 1224 4240 LIV,
1240 4175 1267 4228 4.
1293 4174 1320 4223 et

230 4254 386 4312 Gremmott
398 4259 446 4313 let.
461 4261 550 4314 nostr.
566 4260 592 4324 s.
610 4263 679 4328 110,Ι
692 4265 719 4317 2.
735 4265 793 4314 not.
810 4265 836 4319 6.
852 4275 881 4330 p·
903 4262 966 4318 187.
986 4290 1028 4303 —-
1050 4258 1137 4326 Quasi
1157 4257 1319 4314 Cimbricam

223 4342 366 4410 praedam
381 4359 436 4413 quo
452 4350 584 4416 respectu
598 4343 703 4400 dictum
719 4347 770 4416 sit,
793 4347 849 4401 iem
865 4344 1053 4400 indIcavimus
1071 4343 1108 4399 ad
1128 4347 1154 4411 S.
1175 4349 1202 4402 3.
1247 4341 1318 4398 Gim-
