3062 4958
200 373 267 440 Μ
577 377 608 438 G.
630 379 804 438 snttttstt
825 381 939 440 ctttsrt

202 571 325 638 cecant
367 569 482 659 Neque
499 587 560 636 eos
582 567 701 658 pudet,
721 567 888 654 vindices,
906 567 955 637 nti
975 590 1014 637 se
1031 569 1160 653 lenuit,
1183 567 1330 645 liber-n

144 715 150 724 ·
202 692 299 778 tetis,
317 697 368 763 tot
390 692 483 763 viros
499 693 574 764 sine
592 714 661 764 uno
689 696 746 762 aut
765 695 932 764 remittere
953 693 1105 764 bunnam
1128 715 1196 764 non
1221 716 1307 764 au·-

204 817 301 902 dem,
324 822 383 888 aut
409 817 464 888 ius
488 838 556 888 non
582 841 686 910 posse
706 819 894 889 defendere.
942 818 1020 888 Mihi
1046 819 1180 912 quidem
1206 820 1332 889 salissa

204 947 387 1033 spectatum
409 949 477 1028 est,
504 944 714 1036 Pompeium,
743 949 853 1014 tantae
876 945 1005 1038 gloriae
1031 946 1287 1030 adulescentem,

203 1069 300 1140 malle
322 1065 501 1164 principem
521 1069 709 1141 volentibus
735 1071 830 1140 vobis
853 1091 946 1157 esse,
971 1093 1069 1164 quam
1090 1069 1156 1140 illis
1178 1069 1288 1140 domi-

202 1195 346 1268 nationis
370 1197 514 1284 socium,
536 1202 772 1292 auctoremque
795 1197 830 1266 in
855 1197 969 1288 primis
993 1199 1066 1270 lore
1097 1197 1288 1270 tribuniciae
1368 1215 1371 1222 ’

203 1405 287 1477 lenge
302 1419 342 1474 er,
360 1405 449 1461 durch
471 1407 513 1462 sie
531 1404 770 1478 emporgchoben,
792 1403 987 1459 Gewaltuber
1004 1403 1117 1473 siebat,
1139 1407 1231 1462 beben
1245 1408 1287 1462 sie

202 1503 255 1544 vor
276 1489 348 1558 ihm,
367 1491 435 1546 bald
452 1491 578 1547 nacbber
597 1493 680 1557 aber,
702 1505 787 1544 wenn
803 1487 845 1544 sie
862 1487 939 1544 niclrt
960 1488 1040 1544 mebr
1055 1489 1181 1546 Ursache
1195 1491 1287 1548 baben

202 1573 252 1630 ibn
267 1591 302 1630 zu
317 1575 455 1645 strehlen,
477 1577 587 1649 greitan
605 1577 647 1631 sie
666 1575 715 1629 ibn
730 1575 820 1644 being
836 1575 904 1628 an.“
919 1605 962 1614 --
976 1573 1133 1646 Lacerant,
1155 1578 1173 1632 ‘a
1190 1593 1215 1632 e.
1237 1578 1288 1633 ini-

203 1661 266 1731 quis
283 1659 396 1716 iudiciis
412 1670 439 1716 et
461 1663 638 1717 sermonibus
653 1660 854 1732 perstringunt,
869 1660 941 1727 sive,
957 1667 987 1715 ut
999 1659 1097 1716 Cicero
1111 1679 1141 1734 p.
1158 1661 1247 1717 Balbo
1261 1679 1287 1718 c.

201 1749 246 1812 26,
261 1747 307 1804 5⁷.
322 1747 459 1817 loquitur,
482 1763 584 1815 „more
601 1745 745 1800 hominurn
763 1745 906 1813 invident,
927 1746 956 1799 in
971 1746 1111 1802 conuiuiis
1126 1745 1238 1816 rodunt,
1260 1751 1287 1805 in

202 1830 315 1886 circulis
332 1832 477 1900 vellicant,
498 1831 637 1886 maledico
653 1831 905 1901 dente-carpunt.“
950 1829 1009 1886 Cic.
1031 1831 1109 1887 Brut.
1127 1849 1152 1887 c.
1166 1837 1210 1900 m,
1226 1837 1285 1893 156.

203 1915 366 1975 Obtrectatio
389 1925 416 1972 et
438 1917 539 1972 invium
562 1917 631 1972 solet
656 1917 828 1972 lacerare
846 1916 1005 1988 plerosque.
1049 1917 1287 1987 Ltv.xn11;a‚o.
1371 1949 1374 1953 .

202 1999 297 2069 XLIII,
314 2006 342 2069 8,
356 2006 384 2061 3.
429 2001 549 2057 Videtur
572 2008 663 2056 autem
684 2017 720 2056 ex
742 2017 777 2056 eo
800 2001 921 2055 maxIme
939 2008 1064 2074 tempore
1089 2004 1226 2058 nobilitati
1247 2003 1288 2058 sl-

203 2087 304 2143 multes
319 2103 383 2142 cum
400 2087 534 2158 Pompeio
557 2087 769 2156 intercessisse,
791 2102 876 2157 quum
900 2087 946 2141 ille
969 2089 1090 2159 epistole
1107 2087 1144 2142 ad
1161 2095 1287 2144 senatum

202 2170 268 2228 deta
289 2175 330 2243 (v.
347 2173 392 2227 Fr.
408 2173 452 2241 III,
474 2177 513 2240 1.)
533 2187 671 2227 summam
695 2172 887 2243 arrogantiam
904 2173 937 2226 ‘in
958 2189 1022 2227 eum
1043 2172 1172 2228 ordinem
1192 2179 1288 2230 osten-

202 2256 293 2314 derat.
635 2301 638 2305 .

288 2347 315 2408 S·
331 2347 376 2401 Μ.
398 2357 429 2398 ce
440 2342 551 2415 feram)
569 2343 587 2396 i.
604 2357 631 2397 e.
646 2358 678 2398 se
693 2343 807 2411 iactant,
824 2343 996 2414 gloriantur3
1021 2344 1058 2397 cl.
1073 2343 1288 2400 Drakenborch.

204 2427 241 2483 ad
256 2428 317 2483 Liv.
330 2427 378 2495 IV,
389 2430 434 2495 45,
450 2430 477 2485 7.
521 2427 544 2482 S
549 2441 565 2482 e
583 2429 697 2499 quiaque
714 2428 777 2483 belli
789 2427 885 2482 dcccem
896 2429 1034 2498 potiorem
1047 2427 1161 2501 ferre.
1178 2429 1252 2489 vell.
1267 2429 1286 2498 t,

203 2518 246 2582 11,
265 2517 291 2568 t.
314 2511 566 2584 Pseudophilippus
579 2526 616 2566 ee
630 2511 789 2585 Philippum
803 2513 955 2584 raptaeque·
967 2515 1062 2584 sttrpie
1080 2513 1234 2585 ferebat.
1245 2543 1289 2557 -

203 2595 353 2652 Remittere
365 2597 496 2652 mmmm
510 2597 557 2652 bic
575 2595 717 2669 significat
733 2598 871 2666 nmmum,
886 2611 958 2669 puae
972 2598 1079 2653 sublate
1088 2605 1224 2670 potestate
1237 2601 1288 2655 tri-

202 2681 312 2736 tuere
330 2683 474 2736 eomnueso
488 2689 558 2750 erat,
581 2683 674 2736 mttere
692 2683 725 2736 ed
740 2683 917 2737 reatitueadd.
961 2683 993 2738 Id
1010 2683 1105 2738 Macer
1126 2684 1288 2740 criminatur

195 2767 312 2822 ‘nobiles
327 2781 383 2821 non
400 2767 505 2822 audere
522 2769 584 2823 sine
601 2767 745 2838 Pompeio,
761 2769 785 2822 si
804 2773 952 2839 peccatum
969 2783 1034 2823 esse
1050 2769 1222 2838 concedant;
1244 2771 1287 2825 siu

203 2852 264 2906 iure
279 2853 382 2908 lectum
397 2859 503 2923 putent,
520 2869 576 2907 non
591 2867 678 2924 posse
693 2853 736 2908 ins
754 2862 835 2908 suum
851 2854 914 2908 siue
933 2855 982 2908 illo
1004 2853 1173 2924 defendere,
1198 2871 1287 2927 eaque

204 2935 240 2990 de
255 2951 359 2994 caussa
373 2943 444 2994 totos
462 2955 547 2994 exeo
563 2939 701 3011 pendere.

290 3027 317 3088 §-
332 3027 465 3082 23-25.
481 3026 645 3096 spectatum)
660 3026 677 3079 t.
695 3041 720 3083 e.
737 3026 821 3078 rebus
837 3023 908 3094 ipsis
925 3024 1076 3095 cognitum.
1122 3022 1288 3096 Spectentur

203 3108 288 3177 enirn,
304 3123 377 3180 quae
392 3110 482 3164 oculis
498 3111 623 3165 subiecta
638 3116 710 3165 sunt.
726 3135 770 3147 —-
793 3108 961 3164 Adulescens
976 3109 1117 3178 quomodo
1133 3111 1288 3181 appelletur

203 3195 354 3266 Pompeius
370 3201 428 3250 tum
445 3195 559 3266 triffinta
578 3201 635 3249 tres
652 3209 741 3248 annos
759 3199 840 3247 natus
858 3195 901 3261 (v.
916 3193 1140 3250 FischeriTabb.
1160 3194 1287 3250 chronol.

202 3278 267 3336 hist.
284 3277 365 3334 Rom.
380 3295 407 3350 p.
424 3281 512 3349 160.),
533 3279 639 3351 petebIt
659 3293 696 3332 ex
712 3284 835 3336 annotat.
851 3277 888 3332 ad
903 3278 982 3334 Catil.
1000 3296 1026 3334 c.
1040 3277 1193 3347 XXXVIII,
1210 3287 1234 3338 l.
1254 3295 1284 3350 p,

203 3353 323 3422 lib-
349 3361 503 3418 Valentiam
518 3363 591 3419 cotta
602 3368 644 3416 est
660 3365 835 3438 eduntoteet
850 3379 984 3420 consensu
998 3370 1096 3434 vestro,
1121 3371 1150 3420 ut
1164 3364 1243 3422 Catil.
1260 3369 1286 3419 e.
1351 3381 1356 3386 ·

202 3447 328 3516 XXXIII,
339 3453 366 3504 2.
412 3447 622 3502 Veientibus
641 3449 800 3504 omnibns
813 3450 1072 3522 bonisarpentum
1088 3465 1155 3507 uere
1171 3452 1287 3507 solutum

203 3539 252 3588 est.
291 3533 345 3586 Pro
360 3535 501 3603 inpietate
514 3529 635 3587 Orellius
652 3533 681 3587 in
697 3533 743 3589 ed.
760 3551 786 3589 a.
803 3538 881 3592 1840.
905 3543 932 3590 et
946 3536 1038 3590 Faber
1054 3551 1203 3608 perperam
1220 3536 1287 3592 scri·

202 3623 320 3688 pserunt
338 3619 480 3688 §reprimam
500 3616 636 3672 adverbio
654 3621 727 3674 enim
750 3619 868 3674 hicnon
885 3628 927 3675 est
949 3622 1039 3676 locus.
1063 3637 1091 3677 v.
1109 3621 1146 3677 ad
1162 3621 1241 3678 Catil.
1259 3637 1284 3676 c.

202 3700 259 3770 LX,
273 3705 300 3759 6.
324 3719 352 3773 p·
368 3707 430 3760 322.
455 3701 617 3757 etttnhner.
642 3704 678 3760 ad
700 3703 759 3760 Cic.
774 3704 875 3760 Tuscc.
891 3705 935 3773 III,
953 3709 979 3773 6,
999 3711 1042 3765 12.
1066 3735 1110 3748 —
1139 3708 1286 3763 Auctorem

201 3787 363 3842 tribuniciae
371 3789 517 3859 potestates
531 3789 639 3844 nonita
661 3789 764 3846 dictum
787 3797 843 3857 est,
872 3798 900 3845 ut
916 3793 1079 3862 suppleatur
1093 3792 1285 3860 resoluendae,

202 3887 371 3944 quemquam
387 3872 417 3928 id
435 3871 473 3928 ad
489 3874 653 3931 sententiam
670 3875 865 3931 illustrandam
890 3875 1042 3931 admodum
1064 3883 1107 3932 est
1128 3891 1285 3932 accommo-

202 3955 311 4028 datum,
336 3958 506 4014 seducetur
529 3961 692 4031 simpliciter
712 3962 788 4017 valet
815 3962 1077 4030 commendatorem,
1103 3962 1286 4035 defensorem,

196 4047 357 4115 munaum,
373 4059 427 4116 qno
440 4059 526 4101 sensu
538 4047 704 4118 saepissime
718 4046 752 4101 de
764 4047 875 4119 legibus
890 4047 1013 4102 serendis
1025 4046 1142 4116 dicitur3
1157 4049 1286 4118 ctsupra

202 4126 240 4184 ad
253 4128 299 4183 Fr.
316 4127 353 4199 Il,
367 4133 411 4189 47.
428 4137 454 4186 et
469 4145 498 4187 v·
516 4129 597 4186 Rein.
614 4133 642 4186 in
656 4133 734 4187 Pauli
749 4133 904 4205 Eneyctop.
921 4134 991 4188 real.
1007 4133 1071 4188 Vol.
1085 4133 1106 4188 Ι.
1122 4150 1150 4204 p.
1165 4135 1227 4192 997.
1243 4163 1287 4176 -

202 4211 311 4270 claudit
331 4217 443 4289 antique
467 4217 570 4272 dictum
584 4233 637 4290 pro
653 4217 798 4287 claudicat,
816 4219 835 4273 i.
851 4235 876 4272 e.
889 4219 981 4273 minus
996 4218 1135 4290 procedit.
1180 4217 1288 4272 Laudat

200 4297 275 4356 bunc
297 4301 388 4358 locum
410 4302 510 4359 Donat.
533 4303 568 4358 nd
587 4303 652 4358 Ter.
667 4301 738 4357 Eun.
755 4304 774 4372 l,
790 4309 816 4373 2,
833 4307 877 4362 84.
895 4304 978 4358 simul
999 4319 1062 4358 cura
1081 4304 1167 4359 altero
1183 4303 1286 4358 Hister.
