3096 4962
447 375 496 440 Al)
517 383 712 442 ERNESTUM
734 384 1060 442 WUESTEMANNUM.
1192 393 1317 442 XXXVII

185 563 374 646 ignorantia,
403 585 442 630 eo
464 563 649 630 insolentius
672 583 707 629 se
735 565 828 630 iactet
850 565 1005 644 aliosque,
1040 565 1174 645 abipso
1202 567 1318 631 discre-
1413 621 1417 628 ,

185 676 312 747 pantes,
336 667 477 744 insultet,
498 669 530 730 id
550 671 601 730 vel
624 669 757 732 maxime
779 669 860 732 cadit
874 669 905 730 in
929 668 1138 744 Gerlachium‚
1161 671 1317 732 hominem

185 770 500 834 immodestissimum.
551 771 609 847 Qui
642 789 736 847 quum
769 770 799 832 in
829 771 1029 833 emendandis
1062 773 1318 850 explicandisque

185 870 377 949 Fragmentis
411 873 568 936 Vaticanis
602 891 751 951 perquam
782 873 891 936 leviter
922 880 954 936 et
978 875 1147 938 inscienter
1173 883 1318 938 versatus

186 983 286 1047 esset,
306 977 377 1038 Vol.
398 977 449 1038 111.
473 995 503 1054 p.
530 977 600 1038 140.
619 975 733 1054 ingenii
752 993 881 1040 acumen
901 976 944 1038 ita
964 983 1097 1040 testatus
1112 986 1173 1051 est,
1192 971 1227 1039 ut
1244 977 1318 1040 scri·

154 1061 155 1068 ἵ
184 1080 289 1142 beret:
335 1078 491 1155 „Reliqua
512 1076 675 1141 restituere
695 1097 734 1142 eo
758 1080 928 1155 difficilius,
951 1081 1037 1156 quod
1054 1086 1085 1142 et
1098 1079 1247 1142 incertum
1260 1087 1317 1154 est,

186 1201 257 1244 num
281 1183 320 1243 ad
341 1181 475 1242 eundern
490 1181 631 1259 Spartaci
653 1183 759 1246 dolum
782 1182 844 1245 sint
858 1181 1037 1256 reserenda,
1060 1181 1196 1244 etmulti
1217 1181 1318 1246 litera-

185 1303 253 1348 rum
277 1286 389 1347 ductus
410 1291 564 1346 vetustate
585 1301 685 1361 paene
707 1285 865 1360 exstincti,
898 1303 918 1346 a
940 1285 1070 1347 librariis
1099 1287 1179 1347 male
1201 1285 1319 1348 exarati

186 1407 258 1453 esse
283 1387 438 1450 videntur.
484 1389 590 1462 ltaque
612 1386 689 1448 haec
706 1387 826 1463 integra
848 1387 966 1450 restitui
996 1405 1058 1449 non
1083 1396 1231 1465 possunt,
1260 1388 1319 1450 nisi

186 1491 258 1554 lolia
284 1491 344 1552 ista
364 1483 540 1550 accuratius
563 1487 738 1550 examinata
764 1488 886 1550 luerint.
931 1490 1038 1565 ltaque
1059 1488 1090 1548 in
1115 1489 1224 1551 talibus
1248 1490 1319 1550 laci-

185 1595 243 1658 l'rus
256 1601 306 1656 ost
323 1590 478 1666 hariolari,
496 1609 588 1668 quam
600 1592 778 1668 probabiles
797 1608 975 1670 proponere
988 1591 1195 1654 coniecturas.
1220 1591 1319 1664 (lamro

184 1701 258 1760 ineo
270 1700 398 1760 Kritzt'is
417 1696 606 1770 eiusdemque
622 1696 750 1770 sort'aae
767 1697 932 1758 hominibus
950 1697 1132 1757 restituenda
1154 1697 1318 1771 relmqao.“

185 1801 220 1860 ld
242 1817 315 1860 num
342 1815 411 1860 cum
434 1797 572 1860 Sallustii
593 1795 776 1858 detrimento
804 1799 916 1861 lactum
940 1797 994 1872 sit,
1017 1815 1124 1860 eorurn
1146 1805 1215 1860 esto
1242 1797 1318 1859 iudi·

185 1901 279 1975 cium,
306 1901 358 1978 qui
381 1908 488 1963 nostra
511 1917 581 1962 oum
603 1899 812 1962 Gerlachianis
835 1917 1018 1978 comparare
1045 1893 1216 1974 voluerint'3
1248 1900 1317 1978 ipse

186 2021 259 2068 vero
283 2003 409 2077 viderit,
431 2021 511 2080 quos
531 2004 589 2064 lrac
608 2001 799 2078 impudentia
818 2004 937 2066 tructus
959 2002 999 2065 sit
1019 2009 1219 2066 consecutus.
1265 2005 1317 2064 Ce-

184 2113 285 2170 terum
307 2105 413 2166 Kritaii
433 2104 637 2181 eiusdemque
655 2104 771 2166 farinae
793 2105 935 2168 homines
957 2105 1056 2167 nonii
1076 2113 1159 2178 sunt,
1183 2104 1317 2182 quicum

185 2207 256 2272 nihil
287 2212 378 2285 plane
400 2213 485 2268 recte
502 2203 615 2284 'egisse
643 2206 761 2282 dicant,
795 2209 852 2270 sed
874 2207 1005 2270 libenter
1034 2207 1210 2269 concedunt
1239 2207 1318 2268 inter

186 2327 327 2372 summos
355 2315 386 2370 et
413 2293 577 2370 continuos
600 2325 699 2386 paene
722 2327 846 2372 errores
874 2317 977 2372 tamen
1002 2309 1052 2372 hic
1081 2307 1142 2370 illie
1169 2311 1318 2372 nonnulla

186 2411 332 2486 inveniri,
357 2427 436 2488 quae
455 2428 474 2472 a
495 2428 571 2474 vero
592 2429 655 2473 non
677 2413 879 2488 abhorreant,
903 2421 934 2475 et
948 2409 1054 2490 utique
1070 2413 1233 2488 probanda
1246 2410 1316 2474 sint.

185 2517 260 2576 Nam
282 2513 363 2575 sicut
391 2512 426 2588 ii,
453 2512 506 2590 qui
534 2521 637 2576 mente
664 2531 774 2591 parum
798 2518 915 2590 valent,
948 2515 1102 2577 interdum
1132 2521 1234 2576 tamen
1261 2533 1318 2592 per

185 2616 485 2692 lucidaintervalla,
507 2617 770 2694 quemadmodum
789 2617 901 2678 medici
919 2619 1104 2694 loquuntur,
1127 2616 1243 2695 aliquid
1265 2619 1316 2678 vel

185 2719 291 2780 dicunt
313 2719 361 2778 vel
383 2727 492 2795 agunt,
516 2721 602 2797 qnod
624 2719 777 2782 turbatam
795 2727 929 2781 mentem
951 2738 1013 2782 non
1036 2727 1159 2796 arguat,
1183 2719 1226 2782 ita
1243 2721 1316 2783 Ger-

186 2820 319 2893 lachinS,
344 2835 438 2894 quum
461 2819 656 2882 decrevisset
677 2839 760 2882 novo
781 2829 874 2898 atque
895 2821 1032 2884 inaudito
1055 2823 1150 2884 modo
1170 2821 1201 2883 in
1224 2822 1317 2884 eden·

185 2923 233 2984 dis
257 2919 393 2991 Sallustii
415 2911 607 2994 Fragmentis
631 2921 767 2994 versari,
797 2922 951 2984 interdum
975 2939 994 2982 a
1021 2939 1056 2984 se
1077 2905 1148 3000 ipso
1167 2923 1315 2986 deficiens

186 3021 393 3084 sobrietatem.
406 3021 561 3097 quandam
583 3019 687 3082 iudicii
709 3021 865 3097 sequitur,
887 3039 906 3082 a
925 3030 1028 3084 cetera
1050 3023 1116 3086 eius
1139 3025 1264 3086 levitate
1287 3033 1318 3086 et

184 3122 449 3188 inconsiderantia
470 3122 645 3186 distantem.
691 3121 815 3185 Scilicet
831 3128 947 3184 tentem
967 3139 1039 3186 esse
1060 3123 1188 3185 rationis
1212 3124 1272 3184 virn
1287 3133 1318 3186 et

184 3226 419 3306 praestantiam,
447 3235 481 3290 ut
503 3226 594 3289 etiam
614 3225 652 3302 ii,
684 3226 737 3304 qui
756 3225 829 3288 nihil
849 3225 984 3299 rationo,
1013 3224 1116 3286 omnia
1135 3225 1318 3287 auctoritate

185 3331 307 3406 agenda
322 3347 394 3392 esse
417 3331 564 3404 clamant,
588 3337 689 3392 tamen
711 3327 780 3390 eius·
793 3327 955 3406 imperium
973 3345 1035 3390 non
1052 3327 1168 3404 ubique
1192 3336 1316 3404 exuant,

186 3433 242 3494 sed
266 3432 314 3494 sui
336 3432 533 3497 immemores
563 3439 593 3494 et
615 3431 705 3510 quasi
732 3430 818 3494 inviti
839 3445 877 3493 eo
907 3431 1099 3504 deserantur,
1132 3429 1218 3494 utin
1242 3449 1318 3494 non.

185 3533 276 3596 nullis
300 3539 384 3594 certe
404 3534 516 3596 rationi
539 3535 764 3598 obsecundent.

197 3627 198 3630 ’
269 3634 439 3696 Veniamus
468 3651 548 3696 nunc
576 3637 616 3696 ad
637 3636 775 3698 laetiora.
822 3637 973 3712 Quantum
1007 3631 1087 3696 enim
1120 3635 1214 3696 taedii
1246 3636 1318 3698 milri

185 3739 298 3812 attulit,
328 3739 413 3814 quod
432 3735 605 3798 necessitas
636 3738 707 3800 mihi
733 3738 789 3800 tuit
811 3737 974 3814 imposita,
1003 3743 1035 3798 ut
1063 3745 1216 3814 perpetuo
1248 3755 1317 3800 cum

185 3841 317 3919 imperiti
339 3839 472 3902 hominis
493 3839 698 3916 perversitate
721 3857 891 3918 pugnarem
911 3855 1043 3917 eamque
1068 3841 1199 3902 nuncin
1223 3859 1318 3902 unum

188 3945 277 4021 quasi
300 3950 503 4020 conspectum
530 3941 650 4014 darem,
679 3949 797 4004 tantum
826 3943 894 4019 cepi
916 3942 1048 4004 laetitiae
1074 3958 1202 4015 ex-eo,
1231 3944 1317 4018 quod

185 4045 216 4107 in
244 4045 399 4111 nonnullis
432 4051 515 4106 certe
549 4043 802 4120 Fragmentorum
832 4044 973 4122 partibus
1007 4044 1079 4106 mihi
1113 4042 1254 4119 contigit,
1284 4051 1318 4106 ut

187 4149 319 4211 duorum
341 4147 493 4220 virorum,
517 4144 675 4219 doctrina,
699 4146 840 4209 acumine
862 4153 893 4208 et
910 4153 997 4208 recto
1019 4144 1133 4208 iudicio
1156 4153 1317 4222 praestan-

185 4248 276 4322 tium,
309 4257 453 4313 accurata
475 4266 571 4326 opera
594 4265 657 4310 non
680 4237 781 4310 solum
808 4264 980 4322 recrearer,
1014 4245 1184 4310 sedetiam
1213 4245 1317 4308 multis

188 4351 290 4416 modis
309 4351 339 4412 in
359 4352 560 4414 emendandis
581 4349 834 4430 explicandisque
852 4350 993 4433 ,Sallustii
1016 4349 1120 4415 verbis
1142 4347 1316 4412 adiuvaren-
