3062 4958
441 361 689 419 HISTORIARUM
709 359 944 416 FRAGMENTA.
986 361 1051 416 LIB.
1072 361 1117 416 ΙΙΙ.
1250 351 1312 418 281

233 549 354 620 mansit
378 571 444 618 una
471 567 525 618 res
553 548 668 631 modo,
697 567 783 640 quae
811 545 975 640 utrimque
1008 544 1159 640 quaesita
1184 551 1250 632 est,
1281 552 1314 617 et

231 683 345 766 erepta
363 675 394 743 in
417 675 604 765 posterum,
630 670 682 741 vis
705 671 891 759 tribunicia,
909 672 1012 742 telum
1030 697 1052 743 a
1068 672 1246 743 maioribus
1269 672 1312 741 li-

130 797 132 802 ’
188 821 222 874 13
230 799 344 870 berteti
378 802 538 891 paratum.
581 795 678 881 Quod
704 819 775 890 ego.
799 817 864 866 vos
891 817 1011 870 moneo
1039 817 1247 891 quaesoque,
1277 802 1313 866 ut

109 899 126 1016 Ἰ
231 923 517 1008 animadvortatis,
545 943 610 993 neu
632 909 765 995 nomina
791 942 901 992 rarum
919 922 961 1010 ad
986 922 1153 1014 ignaviam
1178 923 1313 1014 mutan*

231 1053 289 1122 tes.
305 1049 407 1138 otium
427 1070 489 1140 pro
512 1047 649 1118 servitio
675 1046 859 1136 appelletis.
893 1046 968 1132 Quo
992 1047 1056 1116 iam
1078 1045 1153 1139 ipso
1181 1044 1261 1133 irai,
1281 1046 1313 1116 si

230 1290 306 1346 aliud
319 1295 330 1344 t
335 1291 424 1345 elam
433 1296 534 1361 patrea
547 1290 704 1344 inventuros
719 1301 786 1342 ease.
804 1286 846 1342 ld.
859 1289 911 1356 111,
926 1291 976 1355 69,
991 1292 1016 1344 1.
1039 1284 1168 1343 quentae
1178 1287 1312 1343 detrecta-

189 1365 191 1370 ’
229 1375 328 1430 tionem
343 1375 454 1430 militiae
472 1374 576 1429 telum
589 1367 757 1427 acerriraum
768 1372 902 1430 advertus
914 1375 1014 1444 patrer
1027 1370 1129 1428 babere
1146 1373 1225 1428 solita
1242 1377 1311 1427 erat.

316 1465 342 1525 s.
361 1463 403 1518 13.
423 1457 502 1525 Qaaa
519 1473 568 1529 epo
588 1471 635 1513 oar
649 1471 744 1512 moneo
766 1471 934 1530 quaesoque,
955 1462 985 1512 vt
1001 1457 1239 1524 animavertere)
1260 1457 1312 1512 lis-

231 1542 294 1600 dem
311 1545 395 1616 plane
409 1543 505 1599 verbis
521 1547 617 1597 auctor
632 1557 701 1596 usus
717 1548 761 1596 est
774 1541 803 1595 in
816 1543 868 1613 Ep.
889 1541 1030 1612 Pompeii,
1041 1541 1154 1613 Fragm.
1170 1541 1215 1609 ttt,
1232 1545 1312 1613 1,8.,

231 1645 322 1699 nequa
338 1627 454 1684 multum
471 1627 594 1683 diversis
609 1627 637 1680 in
656 1643 697 1680 or.
715 1626 837 1698 Philippi
853 1626 879 1698 1,
895 1632 943 1695 51,
961 1629 988 1685 9.
1003 1626 1092 1682 Etiam
1107 1619 1236 1698 proxime
1251 1643 1316 1680 sen-

230 1714 316 1768 tentia
330 1728 385 1769 aea
401 1713 512 1769 aomina
529 1725 624 1768 rervm
640 1715 691 1766 etc.
707 1711 834 1767 similiter
848 1713 958 1783 prolata
973 1715 1016 1766 est
1031 1727 1048 1766 a
1065 1710 1170 1766 Catone
1188 1713 1216 1766 in
1232 1708 1312 1766 Catil.

230 1815 256 1852 c.
272 1799 332 1867 Lll,
347 1805 389 1856 11.
406 1827 448 1836 ·-
462 1796 508 1852 Aa
521 1798 673 1869 ipaamam,
690 1797 708 1850 i.
720 1812 750 1862 e,
764 1796 920 1852 secundum
935 1796 1079 1867 ignaviam
1092 1800 1232 1866 vestram,
1247 1811 1314 1850 con·

231 1889 365 1955 gruentcr
385 1882 517 1954 ignaviae
541 1887 670 1948 vestrae;
694 1881 730 1936 ct.
753 1881 852 1937 Hand.
874 1880 909 1935 de
928 1880 1047 1936 Partica.
1070 1881 1128 1936 Lat.
1150 1881 1216 1935 Vol.
1240 1881 1261 1935 l.
1283 1897 1312 1952 p.

231 1971 281 2027 107
297 1983 338 2040 sq.
354 1965 380 2039 §.
396 1973 422 2025 2.
439 1964 495 2022 Cic.
511 1968 582 2038 Epp.
599 1966 637 2020 ad
648 1966 755 2021 Famm.
770 1966 838 2035 XV,
855 1971 881 2024 ta
900 1965 946 2021 Avi
958 1979 1047 2020 meam
1061 1979 1171 2022 rentum
1187 1972 1214 2020 et
1227 1965 1266 2021 ad
1280 1967 1313 2020 il-

229 2052 278 2108 imi
286 2055 425 2108 sincerum
439 2066 475 2105 ae
489 2051 584 2108 subtile
601 2052 736 2123 irpeamm
747 2049 816 2106 nibil
824 2056 914 2123 pateat
926 2063 985 2105 esse
995 2050 1173 2120 Mammea,
1186 2067 1269 2122 qvam
1280 2065 1314 2106 ea

231 2144 280 2192 tua
300 2139 397 2194 oratio.
421 2166 458 2178 -
485 2136 572 2194 Otium
586 2151 644 2206 pro
663 2136 773 2190 samia
791 2135 950 2208 appelletis,
972 2135 991 2188 i.
1009 2150 1032 2188 c.
1052 2133 1138 2190 otium
1155 2135 1312 2206 appelletis,

230 2221 306 2292 quod
321 2219 682 2292 ser'vitiumappetlandum
698 2224 747 2274 est.
766 2249 809 2257 —
823 2219 926 2274 Verbis
942 2233 1008 2276 uera
1026 2222 1054 2273 et
1069 2217 1183 2274 bonerto
1204 2219 1251 2275 hie
1274 2220 1314 2274 si·

230 2305 378 2378 gnificatur
392 2307 435 2361 iae
450 2305 581 2362 libertatis
589 2304 667 2376 plebi
678 2319 697 2358 a
708 2303 859 2362 ambribas
869 2305 1000 2373 relietum,
1009 2304 1054 2358 cui
1070 2304 1219 2375 opponitur
1231 2304 1312 2376 stapi-

229 2392 307 2461 maa,
324 2391 344 2445 i.
360 2407 386 2445 e.
402 2392 442 2446 eia
465 2396 491 2446 et
509 2389 639 2462 superbier
654 2388 807 2444 nobilitatis.
823 2419 866 2430 --
881 2388 943 2446 Non
967 2394 1006 2445 ert
1024 2388 1160 2459 ambicio,
1175 2388 1195 2442 i.
1212 2406 1239 2444 a.
1258 2403 1314 2444 aon

229 2478 267 2530 itu
282 2481 462 2549 comparatae
475 2488 523 2531 res
537 2480 613 2542 svnt,
630 2477 661 2530 at
677 2473 741 2545 srvi
754 2475 882 2546 patmum
902 2476 964 2530 sive
984 2473 1155 2545 simplicius,
1176 2473 1240 2546 frui
1257 2489 1314 2530 noa

229 2562 301 2618 lieet.
316 2591 358 2602 -
373 2560 501 2618 Animum
515 2560 661 2618 advortere
676 2577 716 2614 sc.
740 2560 848 2615 nobiles
871 2557 914 2614 ad*
931 2575 979 2630 aa,
1001 2573 1074 2630 quae
1097 2557 1197 2630 agitis3
1220 2559 1312 2615 animo

138 2679 140 2682 -
230 2647 334 2703 intento
352 2652 426 2712 sunt.
447 2647 479 2702 In
502 2645 547 2700 ed.
565 2646 666 2700 Venet.
690 2661 726 2698 ex
741 2644 955 2716 interpolatione
974 2649 1017 2698 est
1037 2645 1160 2700 animum
1173 2644 1313 2712 advortite,

230 2733 306 2803 quod
321 2731 431 2788 Cottius
449 2736 476 2786 at
493 2728 658 2798 Gerlachius
675 2724 722 2782 e'd.
748 2731 812 2784 mai.
832 2730 990 2784 inconsulto
1006 2735 1185 2799 receperunt.
1199 2757 1243 2772 -
1259 2730 1313 2784 Pro

228 2818 363 2888 pravitate
379 2812 499 2872 O'rellius
515 2817 544 2869 in
560 2813 605 2868 ed.
621 2812 707 2868 Orati.
723 2819 750 2868 et
762 2813 835 2885 Epp.
853 2829 879 2869 a.
898 2817 976 2872 1831.
993 2829 1009 2866 e
1028 2813 1187 2870 coniectura
1202 2814 1315 2885 scripsit

226 2899 375 2972 probitate,
401 2897 477 2970 quod
494 2897 624 2954 codicum
640 2897 721 2951 lectio
741 2899 914 2966 probabilem
935 2913 991 2952 non
1008 2896 1134 2952 admittat
1150 2899 1315 2968 interpreta-

132 2981 134 2986 '
231 2985 345 3038 tionem.
378 2982 430 3050 Qui
447 2984 508 3038 eius
525 2997 602 3038 error
619 2979 686 3035 inde
702 2979 797 3048 fluxit,
820 2980 897 3050 quod
917 2980 969 3038 sihi
988 2988 1171 3052 persuaserat
1191 2983 1313 3039 ablativo

231 3068 366 3124 contineri
383 3068 522 3124 obiectum
538 3065 756 3136 comparationis
772 3065 844 3118 inter
860 3067 991 3121 mariam
1008 3071 1037 3120 et
1058 3067 1119 3120 eius
1134 3066 1313 3121 contrarium.

231 3153 290 3210 Sed
313 3152 431 3209 dubitari
452 3167 508 3207 non
529 3157 638 3225 potest,
661 3151 727 3221 quin
748 3151 884 3224 pravitate
909 3156 985 3206 recte
1012 3166 1043 3204 se
1066 3149 1185 3217 habeat,
1210 3150 1314 3221 quippe

203 3265 205 3270 ·
231 3239 307 3309 quod
323 3254 442 3294 caussae
458 3243 596 3310 potestate
611 3237 733 3307 positum
748 3234 888 3306 significet
898 3249 956 3307 per
967 3237 1140 3308 pravitatem.
1170 3233 1315 3291 Sententia

232 3325 305 3380 enim
320 3324 393 3382 haee
409 3329 465 3380 est:
482 3323 574 3378 ornnis
589 3321 690 3377 iniuria
705 3323 762 3390 (se.
778 3336 851 3391 quae
865 3321 996 3389 infertur)
1008 3319 1148 3392 gravitate
1163 3336 1215 3375 sua
1230 3321 1315 3376 tutior

231 3414 275 3464 est
294 3411 350 3478 (sc.
366 3424 449 3480 quam
463 3407 573 3464 infirma
587 3407 751 3478 patientia),
770 3407 790 3460 i.
806 3422 831 3465 e.
844 3421 958 3477 omnes,
977 3406 1023 3477 qui
1040 3405 1314 3474 iniuriamrinterunt,

231 3493 337 3550 viribus
356 3494 416 3548 suis
435 3494 551 3548 tutiores
569 3496 646 3558 sunt,
667 3507 750 3562 quarn
767 3491 813 3562 qui
828 3491 980 3562 patiuntur.
1002 3490 1130 3548 &emtus
1143 3489 1189 3546 hic
1204 3493 1316 3546 vireret

226 3580 378 3651 poleniam
393 3576 538 3649 designat,
556 3583 585 3632 ut
600 3575 676 3648 apud
691 3573 772 3631 Caes.
787 3575 822 3629 B.
841 3576 872 3646 G.
889 3576 942 3644 lV,
959 3581 990 3644 3,
1006 3580 1042 3634 t..
1056 3574 1118 3631 Hos
1134 3591 1217 3647 praem
1232 3573 1316 3632 Saevi

224 3668 345 3736 propter
376 3663 582 3734 amptitudinem
607 3663 891 3733 pravitatemque
916 3662 1029 3716 ciuitatis
1048 3660 1150 3732 pamas
1173 3660 1314 3733 expellere

230 3749 470 3820 aon-pomasreair
491 3748 537 3803 ubi
560 3763 588 3801 v.
610 3747 731 3817 Herzog.
751 3745 877 3801 Eandem
898 3747 1063 3803 sententiam
1079 3743 1228 3802 Sallustius
1251 3745 1314 3802 aliis

231 3849 342 3904 quoque
357 3832 522 3888 turbulentis
539 3833 695 3887 oratoribus
712 3831 819 3898 tribuit,
834 3831 911 3885 velut
926 3831 1073 3898 Memmio,
1088 3830 1149 3901 Ing.
1161 3829 1260 3896 XXXI,
1268 3833 1312 3888 14.

230 3918 277 3973 Ita
294 3933 378 3990 quam
393 3920 508 3989 quiaque
523 3916 749 3988 praesumserit,
771 3921 826 3970 tam
844 3918 964 3971 maetam
985 3921 1056 3972 tuias
1071 3920 1130 3970 eet.-
1146 3921 1173 3968 et
1194 3914 1312 3985 Lepido,

230 4003 341 4074 Fragm.
360 4000 430 4058 Hist.
446 4003 471 4070 1,
485 4007 535 4071 45,
551 4007 578 4060 6.
598 4001 657 4057 Per
670 4000 783 4056 sceleris
799 4002 993 4056 inmanitatem
1009 3999 1100 4056 adbuc
1116 4004 1188 4057 tatas
1201 3998 1313 4070 fvit.—

230 4087 325 4142 Ariivs
339 4080 493 4157 habebant,
505 4093 544 4141 sc.
562 4103 628 4149 vos,
645 4086 665 4139 i.
678 4102 702 4140 c.
718 4086 811 4157 magis
820 4102 872 4140 vos
881 4085 1062 4157 prementes.
1072 4083 1131 4156 lug.
1141 4099 1166 4138 c.
1176 4083 1312 4149 LXXXV,

150 4233 153 4239 ,
231 4174 276 4230 34.
298 4171 392 4244 Nepae
411 4173 473 4228 illos
492 4176 571 4228 arte
591 4172 693 4240 edam,
707 4184 750 4224 me
769 4171 922 4242 opulenter.
951 4171 1039 4226 Plani.
1061 4169 1141 4224 Asin.
1163 4168 1190 4235 1,
1210 4175 1242 4234 l,
1266 4170 1310 4226 ae.

233 4253 402 4328 Quampram
416 4257 491 4314 illvm
505 4263 594 4312 muter
610 4262 690 4310 arte
705 4261 880 4328 conlarteqae
893 4254 984 4312 babet.
