3062 4958
212 389 275 453 268
579 394 609 452 G.
629 393 802 451 SALLUSTI
819 391 933 450 calsrl

212 585 278 651 tate
302 583 530 672 praevertere3
567 581 695 650 mittere
728 579 861 650 nuntios
889 631 926 649 ..
955 576 1022 674 que
1056 595 1165 675 nequ'e
1202 606 1221 652 e
1251 637 1258 652 .
1291 595 1342 653 .19

213 727 333 800 epmen
367 725 405 774 se
438 724 590 776 c...s
624 704 738 774 cnidel
864 709 1043 797 occupatos
1071 729 1148 774 as.
1183 707 1298 798 gravis
1330 729 1335 762 τ

213 833 331 925 pler..
367 831 459 900 illum
489 829 639 918 diem..
670 834 797 900 noctem
831 831 880 902 ibe¹
903 853 1008 902 ...s
1041 830 1206 922 duplicato
1226 884 1235 900 .
1403 901 1405 904 .

214 980 309 1029 orum
340 978 480 1027 numero
503 1009 511 1024 .
531 1009 539 1025 .
563 1009 570 1025 .
593 955 706 1049 prima
734 979 808 1026 curn
833 957 904 1028 lucc
925 1011 932 1028 .
1019 957 1052 1028 in
1075 979 1191 1049 campo
1219 960 1346 1029 saetae,

282 1171 321 1232 ’5.
339 1169 380 1225 19.
403 1181 458 1238 pua
473 1157 575 1238 neque)
611 1163 686 1219 Haec
702 1167 789 1220 verbe
806 1171 832 1220 et
847 1181 919 1238 quae
937 1171 1090 1236 sequuntur
1112 1155 1214 1235 octava
1232 1183 1297 1221 con·

211 1254 331 1307 tinentar
348 1251 455 1306 codicis
471 1250 535 1304 Vat.
558 1251 697 1304 columna.
735 1251 813 1318 Quae
827 1267 911 1322 quum
928 1251 1041 1322 quintae
1063 1265 1100 1304 ex
1115 1252 1202 1305 altere
1217 1257 1297 1321 parte

211 1337 392 1408 respondeat,
410 1351 466 1390 non
480 1336 574 1390 minus
589 1351 673 1406 quam
691 1336 738 1390 illa
760 1337 896 1391 lacunosa
918 1341 970 1402 est,
991 1348 1083 1407 neque
1099 1341 1201 1408 potest,
1213 1336 1241 1390 in
1256 1337 1296 1390 in·

210 1429 318 1495 tegrum
339 1421 455 1476 restitui.
501 1421 639 1488 Quantum
664 1426 758 1475 tamen
789 1437 826 1476 ex
843 1421 967 1492 abruptis
998 1423 1115 1493 syllabis
1131 1426 1158 1474 st
1180 1409 1296 1476 vocibus

208 1507 309 1563 coniici
324 1508 398 1576 licet,
415 1505 565 1563 Sallustius
583 1505 638 1560 hoc
654 1506 715 1560 loco
731 1507 867 1574 narravit,¹
883 1504 1058 1577 Spartacum,
1074 1523 1128 1578 quo
1148 1519 1295 1562 servorum

209 1593 380 1650 facinoribus
399 1591 513 1646 modum
531 1591 644 1657 laceret,
666 1607 722 1644 non
745 1591 816 1646 ultra
831 1607 916 1646 unum
937 1590 1010 1646 diem
1025 1596 1052 1644 et
1074 1591 1228 1646 insecutam
1246 1607 1295 1645 no·
1331 1641 1333 1646 .

208 1684 279 1734 clem
302 1679 330 1732 in
351 1677 427 1731 Anni
445 1677 517 1730 Fore
536 1682 739 1730 commoratum
761 1675 846 1731 valde
870 1679 950 1730 aucto
975 1671 1155 1748 lugitivorum
1178 1691 1294 1730 numero

208 1763 323 1819 ulterius
339 1761 516 1833 processisse
539 1761 677 1831 aliamque
695 1761 838 1831 regionem
861 1760 988 1832 petiisse.
1003 1791 1045 1800 --
1062 1761 1170 1816 Primus
1185 1761 1294 1816 colum·

209 1863 261 1903 nae
285 1861 386 1902 versus
407 1851 480 1900 totus
497 1843 609 1898 excidit.
644 1845 685 1899 Ex
697 1839 823 1900 secundo
842 1845 868 1899 in
884 1844 939 1900 fine
957 1852 1086 1917 superest
1102 1843 1294 1914 ...danem

208 1931 285 2004 quod
301 1921 485 2003 Kreyssigiu's
507 1933 581 1984 recte
598 1931 714 1986 mutavit
737 1931 764 1984 in
783 1947 838 2003 qua
851 1945 946 2002 neque.
980 1957 1019 1970 -
1049 1932 1078 1985 ln
1098 1926 1184 1986 versu
1204 1933 1295 1988 3-4

209 2018 300 2073 Maius
323 2017 391 2088 legit
412 2013 534 2070 MENSE
549 2004 562 2095 ΙΙ
579 2013 600 2070 0
616 2029 678 2082 ...3
706 2015 877 2070 Niebuhrius
899 2007 1184 2096 transductus
1212 2017 1293 2070 nobis

208 2117 305 2176 epmen
325 2117 356 2156 se
378 2101 470 2172 magis
492 2099 594 2170 placet.
624 2131 659 2140 -
689 2099 783 2155 Versu
804 2104 892 2158 4-5
915 2107 957 2156 est
978 2092 1147 2178 8οΙιΙΙΙ)ΕΙΙ
1162 2101 1243 2155 Ι...
1266 2100 1294 2155 in

207 2191 307 2260 quibus
325 2189 369 2244 vel
385 2186 518 2242 adiectivi
533 2184 653 2240 crudelis
672 2185 716 2239 vel
740 2186 906 2241 substantivi
921 2185 1071 2241 crudelitas
1094 2186 1188 2257 aliqua
1204 2187 1293 2240 lorma

168 2321 170 2328 .
207 2276 283 2330 latet.
313 2303 356 2312 -
385 2273 479 2326 Versu
500 2264 673 2328 5‘-oeod.
697 2263 1174 2349 Vaehanecbparostln..
1207 2287 1290 2342 quam

206 2365 312 2430 partem
329 2373 394 2413 esse
410 2354 622 2413 OCCUPATOS
640 2348 779 2428 participii
798 2373 848 2428 per
865 2371 895 2412 se
910 2361 998 2427 patet.
1028 2355 1121 2411 Minus
1136 2361 1211 2410 recte
1228 2355 1291 2410 Nie-

206 2444 322 2500 buhrius
338 2443 406 2514 legit
425 2434 616 2496 ...UBAIOS
632 2431 646 2520 ss
661 2440 727 2494 A..
761 2473 804 2481 -
829 2442 923 2496 Versu
937 2443 1026 2501 6-7
1042 2445 1128 2495 restat
1146 2439 1291 2496 GRAUIS-

207 2529 272 2582 PLE
286 2519 301 2607 ΙΙ
315 2527 340 2581 R
354 2566 360 2580 .
373 2566 399 2582 ..
416 2557 458 2576 ψ-
470 2526 564 2578 Versu
585 2527 673 2583 7-a
688 2525 751 2579 cod.
766 2526 830 2580 Vat.
848 2517 1042 2581 ...ILLUMDI
1057 2517 1071 2604 ΙΙ
1085 2521 1154 2593 ΕΜ,
1171 2553 1213 2566 -
1227 2525 1295 2579 Nic--

205 2611 473 2668 buhriuleLUltlDl
488 2599 502 2690 ΙΙ
516 2609 566 2663 ΕΑ
579 2647 602 2662 ..
615 2648 622 2663 .
637 2637 680 2648 -
697 2610 1018 2670 Versu8-9codVat
1028 2609 1175 2666 NOCTEM
1190 2603 1203 2690 ΙΙ
1219 2611 1291 2665 ΙΒ..

207 2697 391 2770 Kreyssigius
406 2696 494 2750 luisse
517 2694 692 2765 suspicatur:
721 2696 797 2750 illum
816 2697 886 2750 diem
905 2702 937 2751 et
954 2695 1155 2766 proximam
1177 2700 1290 2752 noctem

207 2815 247 2824 -
263 2783 355 2837 Versu
370 2783 478 2844 9-10
498 2778 562 2834 cod.
581 2779 645 2834 Vat.
663 2778 787 2836 SDUPLI
802 2772 815 2860 ΙΙ
831 2778 878 2836 CA
889 2823 896 2833 .
908 2821 914 2835 .
926 2799 950 2850 .;
966 2811 1008 2820 -
1022 2779 1190 2836 Niebuhrius
1205 2779 1291 2837 ODU-

206 2869 259 2923 PLI
275 2860 288 2948 ΙΙ
304 2866 360 2924 CA.
380 2897 419 2908 —
441 2859 535 2920 Versu
550 2870 683 2924 lo-ll.
699 2865 768 2920 cod.
779 2866 815 2920 V.
833 2864 1024 2923 ..ORUMNU
1038 2856 1052 2944 ΙΙ
1067 2863 1174 2920 ME...
1211 2865 1290 2920 Hunc

207 2971 321 3010 versum
346 2951 529 3024 Kreyssigius
553 2950 619 3004 olim
637 2951 804 3022 expleverat
821 2952 971 3024 duplicato
992 2957 1214 3006 armatorum
1237 2965 1289 3005 nu·

205 3055 298 3102 mero‚·
311 3044 411 3111 postea
426 3037 540 3108 recepit,
560 3035 636 3107 quod
651 3053 705 3108 ego
721 3038 749 3090 in
766 3035 900 3092 Seebodii
915 3036 987 3092 Bibl.
1003 3033 1069 3090 Crit.
1086 3050 1111 3090 a.
1127 3039 1205 3094 1830.
1226 3035 1289 3088 Vel.

204 3125 236 3180 ΙΙ.
259 3143 287 3198 p.
310 3128 371 3186 507.
401 3137 547 3178 suaseram
575 3121 726 3192 duplicato
750 3121 815 3192 fere
842 3122 1083 3194 supiticorum
1110 3127 1297 3177 numero-¹·

207 3211 298 3266 Versu
313 3213 447 3269 11-12
463 3207 525 3262 cod.
541 3206 576 3259 V.
594 3203 781 3260 ..RlMACU'
795 3195 808 3283 ΙΙ
824 3205 904 3260 LU..
927 3208 945 3260 i.
962 3221 987 3260 e.
995 3205 1091 3276 primo
1105 3221 1167 3260 casm
1178 3205 1246 3274 lucc,
1262 3209 1291 3259 ut

204 3295 389 3367 Kreyssigius
410 3299 485 3347 recte
507 3290 586 3357 vidit,
610 3290 673 3344 coll.
696 3289 787 3343 Plaut.
812 3288 879 3345 cist.
892 3291 924 3359 ΙΙ,
941 3297 965 3358 1,
982 3293 1027 3348 49.
1059 3290 1124 3344 Ter.
1135 3290 1192 3346 Ad.
1211 3291 1246 3357 V,
1262 3293 1288 3357 3,

203 3387 248 3438 55.
265 3380 321 3435 Cic.
342 3377 396 3434 Off.
414 3377 458 3444 ΙΙΙ,
473 3381 517 3442 al,
534 3379 594 3433 112.
621 3373 694 3444 Epp.
713 3371 748 3428 ed
768 3374 852 3429 Attio.
861 3375 908 3445 IV,
924 3379 950 3435 3,
979 3374 1070 3430 Hand.
1089 3375 1208 3430 Turseli.
1224 3375 1288 3428 Vol.

202 3467 232 3520 ΙΙ.
255 3481 283 3536 p.
302 3465 362 3520 141.
377 3491 419 3501 -
434 3449 528 3514 Versu
544 3465 577 3517 ΙΙ
588 3487 617 3499 -
633 3463 678 3516 13.
696 3458 759 3513 cod.
776 3460 842 3540 Vat.
859 3502 866 3515 .
881 3501 886 3512 .
899 3459 1063 3516 ,ΝΟΑΜΡΟ
1079 3450 1092 3539 ΙΙ
1108 3459 1189 3516 SAT.
1213 3459 1289 3515 llaec

203 3549 298 3604 omnia
312 3561 397 3617 quum
415 3546 452 3598 ita
469 3544 588 3598 disiecta
608 3545 672 3612 sint,
688 3550 718 3598 ut
733 3552 845 3615 praeter
861 3545 987 3617 singulas
1004 3561 1101 3611 voces,
1124 3561 1196 3616 quae
1212 3544 1289 3600 haud

204 3632 355 3689 difficiliter
370 3629 478 3685 restitui
493 3635 620 3700 possunt,
638 3623 856 3701 vix'quicquem·
874 3645 974 3697 eruca,
997 3635 1089 3686 tamen
1108 3631 1135 3683 in
1159 3630 1289 3686 versibus

202 3721 311 3777 7-13
330 3713 534 3783 resarciendis,
556 3713 752 3786 Kreyssigium
780 3716 806 3770 in
828 3707 973 3770 'nonnullis
999 3721 1141 3769 auctorem
1165 3721 1289 3780 secutus,

202 3802 359 3876 periculum
378 3799 431 3853 leci
442 3797 514 3878 ¹hoc:
536 3797 594 3854 Per
605 3799 682 3854 illum
698 3799 773 3854 diem
788 3806 815 3855 ct
823 3815 994 3872 proxumam
1004 3806 1115 3854 noctem
1131 3800 1170 3854 ibt
1182 3799 1292 3862 retbait

202 3893 278 3955 subs,
286 3885 480 3957 duplicatoque
493 3883 670 3957 supitloorum
689 3901 806 3940 numero
816 3885 963 3958 profectus
972 3885 1067 3956 prima
1083 3901 1146 3939 cum
1157 3885 1218 3940 lucc
1228 3899 1291 3940 con-

200 3975 266 4028 stitit
276 3973 305 4027 a'n
322 3987 423 4043 campo
443 3972 510 4027 satis
525 4010 550 4024 ..
567 3987 592 4040 .;
608 3969 660 4025 ssd
677 3987 733 4025 non
751 3976 855 4025 tantum
870 3969 935 4024 huic
951 3969 1128 4024 coniecturae
1146 3972 1246 4038 tribuo,
1262 3975 1290 4024 ut

201 4059 349 4112 intextum
367 4055 559 4128 recipiendam
581 4057 749 4112 censuerim.

288 4147 314 4208 S.
331 4147 374 4199 bt).
393 4157 511 4220 ...nos
521 4141 668 4212 aedificies)
687 4138 756 4194 Cod.
775 4141 838 4194 Vat.
856 4137 1058 4194 ..NOSEDIFI
1071 4129 1085 4218 Η
1102 4136 1157 4195 ClS
1168 4178 1192 4192 ..
1215 4137 1291 4193 Haec

202 4232 290 4286 verba
311 4226 412 4282 ceteris
434 4243 468 4281 eo
490 4230 555 4282 sunt
574 4224 764 4293 obscuriore,
783 4224 859 4295 quod
886 4225 1015 4279 librarius
1034 4229 1130 4294 aperte
1145 4223 1173 4276 in
1189 4223 1293 4294 edificia

201 4329 272 4369 voce
288 4312 425 4385 peccavit.
449 4311 633 4366 Probabilitor
650 4308 762 4379 quidem
778 4309 963 4381 Kreyssigius
981 4311 1140 4380 suspicatus
1153 4313 1205 4374 est,
1218 4307 1295 4364 oedi-
