3062 4958
209 379 274 447 202
576 376 606 434 G.
629 375 802 436 Stttusrl
825 374 938 434 cursui

207 595 246 642 να
267 567 423 662 optimum
445 563 625 635 videbatur.
652 561 814 654 Deinceps
839 567 950 641 mouet
973 565 1007 634 in
1025 563 1172 638 balares
1187 577 1339 654 *agrosrl

209 693 384 786 magisque
398 689 573 781 pecuarios
588 693 624 758 ul
637 689 862 781 egrediantur,
876 690 948 775 ubi,
962 689 1157 784 priusquam
1172 690 1296 761 relecto

211 817 358 892 exercitu
374 815 508 887 adesset
522 812 699 899 Vadimus,
718 821 900 908 augeretur
920 837 1076 890 numerus
1089 813 1188 888 leolis
1198 813 1296 902 viris5

211 1015 263 1064 tur.
301 1005 397 1076 Neque
424 1001 621 1079 Kreyssigium
650 1019 748 1058 verum
774 1008 933 1059 assecutum
961 1017 1025 1056 esse
1050 1005 1225 1073 putaverim,
1251 1007 1298 1078 qui

212 1090 360 1165 proposuit
378 1089 519 1144 consilium
534 1089 646 1159 capit,
659 1089 733 1160 quod
745 1091 874 1159 optimum
888 1085 1037 1141 videbator.
1067 1090 1139 1145 Nam
1155 1091 1179 1144 sl
1196 1089 1233 1144 ad
1249 1107 1297 1146 an-

212 1173 370 1232 tecedentia
393 1175 499 1240 relers,
520 1173 557 1228 ibi
581 1189 636 1226 non
658 1171 694 1226 de
713 1180 795 1244 capto
812 1171 929 1228 oonsilio
947 1170 1001 1226 dici
1020 1174 1123 1245 potuit,
1145 1175 1221 1248 quod
1239 1177 1297 1230 lere

209 1277 310 1318 ornnes
331 1259 496 1325 reiicerent3
519 1259 564 1312 sin
586 1257 622 1312 ad
644 1259 791 1328 sequentia
812 1257 914 1324 trahis,
938 1256 965 1310 ei
981 1257 1021 1310 rei
1037 1266 1195 1331 repugnant
1212 1263 1298 1316 verba

212 1347 341 1416 desccps
362 1349 467 1410 monet,
488 1359 560 1414 quae
583 1342 620 1397 ita
635 1349 797 1413 comparata
816 1349 898 1408 sunt,
920 1347 950 1396 ul
972 1357 1147 1414 nequaquam
1172 1346 1227 1400 iam
1250 1339 1297 1401 o'a-

211 1437 288 1503 ptum
316 1428 462 1486 consilium
489 1427 641 1482 declarent:
688 1429 836 1482 Praeterea
853 1425 1022 1480 monendum
1046 1425 1175 1497 videtur,
1203 1431 1227 1484 si
1253 1429 1298 1485 cui

213 1523 308 1572 nostra
326 1515 488 1570 coniectura
503 1531 536 1567 eo
554 1511 709 1583 displiceat,
723 1513 799 1584 quod
814 1511 957 1568 secundus
975 1527 1075 1568 versus
1087 1513 1176 1569 XXlll
1192 1515 1298 1570 litteras

196 1601 348 1669 [continet,
370 1616 421 1671 pro
442 1601 471 1652 r'n
491 1597 542 1652 tott
560 1612 592 1652 re
612 1596 686 1652 laelii
709 1599 823 1668 negotio
846 1613 936 1668 neque
960 1613 1046 1652 sensu
1062 1599 1177 1654 multum
1193 1603 1297 1655 mutato

213 1692 277 1742 berc
292 1683 376 1740 scribi
392 1697 488 1756 posse.
506 1711 548 1720 -
569 1683 629 1736 Hoc
647 1699 757 1753 quoque
773 1684 835 1738 loco
852 1680 1022 1736 Niebuhrius
1038 1684 1130 1739 minus
1146 1686 1298 1756 perspicax

214 1786 297 1841 quam
318 1769 409 1824 Maius
439 1783 490 1838 pro
578 1761 903 1823 TIMUMUIDEBATUR
926 1766 994 1837 legit
1082 1767 1170 1825 TlMU
1193 1769 1298 1825 UUlDL

216 1853 318 1922 ..ttlA3
335 1851 485 1908 Bimardus
502 1864 570 1906 vero
586 1853 672 1906 multo
688 1850 812 1908 deterius
827 1850 1032 1906 lellLlRUlT.

299 1943 325 2004 S.
339 1941 381 1995 rt.
412 1937 551 2006 Deinceps
568 1936 673 2002 'moereb
705 1935 780 1991 Haeo
802 1938 888 1992 verba
905 1935 1072 1995 documento
1090 1945 1169 2013 sunt,
1186 1935 1300 2012 Sparta·

215 2025 295 2090 crim,
320 2038 405 2094 quum
422 2021 466 2090 id,
494 2019 570 2092 quod
588 2021 680 2089 vellet,
696 2020 809 2076 ellioere
825 2033 881 2076 non
895 2021 1049 2097 potuisset,
1072 2023 1148 2089 allud
1164 2029 1298 2079 tentasse.

215 2107 351 2164 Vulnerat
374 2113 465 2161 autem
488 2105 621 2177 lugitivos
646 2103 673 2159 in
697 2107 798 2162 eastris
815 2125 846 2162 se
863 2113 959 2161 tenere
983 2113 1010 2161 et
1030 2123 1127 2179 pugna
1144 2115 1200 2162 tum
1215 2109 1300 2163 absti-

215 2208 292 2247 nere.
322 2193 380 2247 Hoc
401 2191 456 2246 illis
478 2191 678 2259 abnuentibus,
703 2207 757 2262 quo
782 2209 799 2248 a
822 2191 1019 2246 committendo
1040 2193 1148 2264 proelio
1166 2209 1215 2248 eos
1232 2209 1299 2248 avo-

214 2283 304 2351 caret,
328 2279 421 2332 locum
442 2276 533 2331 subito
557 2275 721 2332 mutandum
741 2278 851 2332 censuit
876 2283 903 2331 et
928 2293 964 2329 ex
984 2279 1118 2352 montium
1135 2278 1251 2334 saltibus
1273 2283 1300 2332 et

215 2363 352 2435 angustiis
376 2362 404 2416 in
427 2361 491 2416 loca
512 2361 597 2432 plana
620 2367 647 2416 ct
667 2361 768 2418 lertilia
791 2360 1016 2417 concedendum.
1034 2393 1076 2402 -
1105 2365 1157 2417 Pro
1176 2363 1300 2418 laxiores

216 2449 244 2502 in
259 2446 325 2502 cod.
339 2446 403 2500 Vat.
421 2445 544 2500 evanida
559 2445 648 2516 primis
662 2445 752 2501 littera
768 2452 795 2501 et
810 2447 881 2500 laisa
897 2446 1092 2502 terminatione
1111 2453 1153 2502 est
1176 2486 1183 2501 .
1200 2447 1299 2503 AXIO-

216 2527 375 2598 RlS,'unde
393 2529 578 2601 Kreyssigius
595 2545 692 2584 veram
708 2532 874 2606 scripturam
889 2536 965 2586 recte
980 2532 1087 2598 elicuit,
1112 2547 1195 2605 apros
1210 2527 1299 2587 losio-

215 2630 268 2676 res,
287 2613 432 2686 explicans
460 2615 609 2686 ampliores
639 2614 700 2671 sive
731 2615 922 2687 spatiosiores,
949 2616 1013 2670 coll.
1040 2615 1194 2672 Columella
1219 2617 1258 2684 l,'
1273 2623 1299 2676 3.

217 2700 262 2755 ubi
285 2701 370 2754 loces
398 2713 466 2770 oper
493 2699 643 2772 opponitur
665 2707 794 2772 angusto.
834 2699 1002 2756 Niebuhrius
1025 2703 1092 2774 legit
1123 2699 1299 2758 ‚altenis

216 2813 258 2824 --
281 2781 429 2840 Ραααανίαν
457 2783 494 2839 ite
518 2789 643 2855 praestat
664 2784 728 2840 cod.
754 2786 828 2854 Vat,
853 2791 883 2840 ut
908 2786 1014 2841 omissa
1036 2787 1063 2840 A
1083 2786 1173 2840 littera
1192 2787 1300 2862 minore

831 2863 852 2902 A

217 2921 308 2976 torum
328 2935 413 2991 supra
434 2921 456 2976 U
478 2919 570 2991 posita
593 2927 727 2991 appareat
748 2919 933 2978 adeuntes.
966 2920 1136 2980 Niebubrius
1154 2930 1181 2979 et
1196 2923 1301 2982 Bimae·

170 3049 172 3060 .
217 2999 281 3063 dus
297 3003 401 3062 habeut
426 3003 470 3062 PE
483 3042 490 3060 .
503 3003 607 3074 UR103
634 3005 800 3064 Gerlselrius
826 3007 856 3062 in
880 3005 929 3062 ed.
955 3007 1019 3068 mai.
1045 3009 1074 3060 ia
1098 3017 1302 3080 ....αρνον

217 3090 322 3162 malim
332 3105 418 3161 pe...
428 3089 513 3172 emb.
531 3118 577 3132 -
589 3091 660 3163 ΑρνιΙ
669 3093 808 3163 peccora}
824 3091 842 3146 i.
858 3107 884 3148 e.
896 3090 960 3150 bosi
974 3093 1081 3162 pecori,
1106 3100 1136 3150 ut
1150 3093 1301 3152 Sallustius

216 3175 279 3250 lug.
299 3173 387 3247 XVH,
406 3179 432 3233 ὃ.
455 3175 592 3246 loquitur,
615 3177 677 3230 sive
699 3176 742 3230 rei
758 3176 913 3246 pecuariae
924 3181 1018 3248 aptos,
1039 3177 1152 3251 ideoque
1169 3179 1302 3237 armentis

214 3259 396 3333 prepibusqoe
413 3260 586 3317 abundantes
593 3282 602 3324 ‚·
624 3261 660 3314 el.
678 3260 739 3316 biv.
754 3259 854 3328 XXIX,
866 3263 910 3319 31.
935 3261 982 3316 utri
999 3277 1080 3316 mons
1096 3265 1198 3335 pecori
1216 3263 1303 3320 bonae

216 3345 314 3400 alendo
339 3344 514 3400 describitur.
552 3344 642 3414 Apros
666 3349 757 3398 tamen
777 3350 888 3414 praeter
904 3344 1067 3410 Sallustium
1087 3363 1171 3404 uento
1186 3349 1303 3420 scripto·

218 3447 279 3487 rum
301 3429 451 3486 latinorum
465 3429 617 3498 peccares
632 3427 741 3485 dixisse
757 3429 878 3486 videtur.
905 3429 1060 3488 KREYSS.
1094 3431 1152 3490 Sed
1170 3432 1304 3504 quemad-

219 3513 334 3570 modum
356 3511 438 3571 Cass.
460 3512 492 3568 Β.
514 3511 549 3566 G.
569 3512 590 3578 l,
612 3517 655 3580 10,
676 3519 703 3570 2.
725 3512 795 3570 dixit
814 3516 873 3572 loco
894 3515 1156 3587 frumentaria,
1178 3520 1216 3574 ita
1234 3516 1304 3574 sm.

219 3611 304 3671 apros
318 3598 431 3653 vocavit
440 3598 602 3668 pecuarios.
615 3625 652 3639 -
669 3598 722 3654 Pro
737 3601 915 3673 αρναανααεαν
931 3601 960 3655 in
975 3601 1042 3658 eod.
1058 3603 1126 3658 Vat-
1138 3600 1241 3660 vitiose
1262 3608 1306 3660 est

218 3681 493 3750 denuntiandam
527 3681 697 3740 Niebubrius
730 3691 822 3740 tamen
855 3686 1065 3743 coniunctivum
1097 3687 1233 3744 exhibuit.
1263 3717 1303 3731 -·

220 3767 336 3839 Refecto
357 3769 483 3822 exercitu
503 3769 619 3838 praebet
634 3768 698 3826 cod.
714 3770 771 3826 Vat
788 3785 796 3839 ;
819 3770 980 3840 Bimardus,
996 3785 1082 3842 quum
1099 3774 1171 3828 talso
1187 3773 1305 3845 legisset

219 3851 362 3911 sublato
382 3849 577 3921 explicita,
599 3853 663 3910 inde
683 3856 804 3912 coniecit
822 3857 929 3928 reliquo
942 3858 1077 3918 eseam.
1116 3857 1208 3926 Quum
1228 3856 1305 3928 apud

220 3937 389 4004 livianum,
406 3943 448 4004 10,
462 3939 491 3998 8.
507 3939 624 4009 reficere
644 3942 784 3997 exercitus
804 3940 881 3996 idem
897 3940 1053 4014 significet,
1071 3942 1304 4014 quodesercitus

219 4022 362 4094 deplere,
375 4028 457 4094 atque
474 4022 545 4092 Vttl,
565 4028 609 4091 36,
627 4025 914 4097 &resectoercercitu
929 4025 1065 4095 ebidem,
1084 4027 1161 4099 quod
1178 4029 1305 4084 esorctts

219 4123 258 4166 etc
270 4107 425 4164 vulneribus
439 4113 574 4176 recreato,
596 4109 710 4166 dubium
730 4110 868 4180 videatur,
885 4127 940 4182 quo
956 4124 1045 4168 sensu
1056 4111 1208 4170 Sallustius
1225 4128 1305 4166 exar-

221 4193 305 4253 eitum
315 4191 424 4250 Vatinii
443 4194 577 4266 refectum
594 4194 704 4249 dixerit.
735 4193 799 4250 Sed·
814 4197 837 4250 si
853 4212 898 4266 ca,
915 4213 987 4268 quae
1006 4213 1093 4270 supra
1107 4203 1134 4263 S.
1151 4205 1177 4256 2.
1196 4196 1232 4252 de
1247 4198 1304 4252 Va-

218 4279 285 4338 tinii»
296 4279 429 4336 militibus
444 4283 609 4352 narrentur,
629 4297 694 4336 eum
712 4279 767 4336 hoc
788 4281 1034 4356 lacedemoniis,
1054 4282 1160 4356 resecto
1178 4283 1304 4340 meretur
