3098 4970
197 329 260 398 152
559 334 589 392 C.
614 332 788 392 SALLUSTl
812 330 926 392 CRISPl

195 525 280 596 tiore
306 543 404 616 quam
431 521 505 592 illas
533 541 594 612 per
622 521 732 615 gentis
760 523 793 591 et
818 520 926 590 minus
949 517 1078 612 gloriae
1103 520 1192 592 avidi
1218 521 1284 604 im,-

198 775 233 830 de
257 774 391 844 Pompeio
412 788 497 841 vero,
531 788 613 842 quem
635 771 821 844 Kreyssigius
847 767 1001 825 Comment.
1030 785 1058 839 p.
1081 773 1124 830 19.
1151 771 1285 840 nominat,

198 858 317 931 eogitari
338 873 393 912 non
411 861 513 928 potest.
539 885 575 910 -,-
601 855 777 924 Quaestorem
792 855 870 911 idern
886 854 914 909 in
930 851 1010 910 Curis
1027 870 1102 911 sees.
1119 873 1147 927 p.
1163 859 1191 913 8.
1209 861 1286 912 reete

198 943 333 999 intellexit
354 958 419 996 esse
441 944 543 1010 talem,
572 944 619 1012 qui
638 947 843 1014 propraetore
865 945 956 1008 esset,
985 940 1005 994 i.
1023 955 1048 998 e.
1068 957 1131 996 eum
1147 945 1286 1012 potestate

197 1016 389 1102 propraetoris
404 1027 434 1080 in
450 1027 625 1096 provinciam
641 1027 763 1095 missus;
787 1027 823 1080 ei.
840 1024 875 1080 ad
893 1022 971 1079 Catil.
985 1041 1011 1079 e.
1025 1023 1100 1094 XIX,
1116 1032 1141 1082 1.’
1157 1042 1185 1096 p.
1197 1029 1233 1084 911
1243 1037 1285 1098 sq.

284 1115 313 1166 in
335 1127 434 1167 nonam
449 1113 624 1182 provinciam
640 1111 763 1168 Onrencn
779 1113 878 1166 murus
897 1111 951 1175 est)
982 1108 1061 1176 Quae
1085 1111 1148 1164 VV.
1169 1110 1225 1164 llll.
1250 1110 1286 1166 de

199 1205 337 1270 tempore,
361 1213 416 1268 quo
435 1197 567 1251 Lentulus
591 1197 619 1249 in
642 1212 746 1250 novam
763 1195 939 1268 provinciam
957 1192 1087 1266 Cyrenen
1111 1195 1187 1263 ierit,
1212 1211 1287 1250 oom-

199 1283 312 1338 mentati
335 1286 412 1350 sunt,
434 1282 528 1336 omnia
544 1297 577 1336 eo
594 1280 760 1348 considunt,
785 1279 861 1352 quod
876 1277 969 1333 Rotlrii
984 1284 1012 1332 et
1028 1279 1224 1352 Heerwagenii
1245 1280 1287 1334 in-

201 1373 285 1423 vento
309 1369 352 1436 (v.
366 1367 473 1434 Praei.)
494 1367 663 1437 patefactum
686 1371 729 1420 est
745 1372 832 1421 totum
848 1366 1047 1434 Fragmentum
1062 1362 1226 1419 Toletanum
1250 1363 1286 1419 ad

199 1469 246 1508 res
263 1453 328 1508 anni
342 1455 388 1512 76.
404 1467 431 1505 a.
449 1450 514 1506 Chr.
531 1467 557 1506 rr.
573 1453 647 1518 (679.
664 1465 690 1506 a.
706 1469 732 1506 u.
750 1453 804 1519 e),
829 1467 883 1521 quo
905 1449 936 1502 L.
953 1447 1087 1504 Octavius
1108 1457 1137 1504 et
1159 1447 1189 1504 C.
1207 1445 1287 1504 Cotta

200 1555 276 1594 ooss.
295 1539 419 1603 luerunt,
441 1537 592 1607 pertinere.
624 1537 681 1590 Res
697 1542 789 1590 autern
807 1537 848 1590 sio
865 1533 1006 1590 sehabet.
1035 1532 1117 1588 Anno
1134 1552 1160 1589 a.
1177 1533 1241 1590 Chr.
1258 1549 1285 1586 n.

198 1627 244 1682 96.
271 1623 449 1677 Ptolemaeus
464 1621 537 1692 Apio
553 1627 678 1675 mortuus
692 1620 818 1692 Cyrenas
832 1619 968 1674 Romanis
982 1624 1148 1674 testamento
1167 1620 1286 1690 reliquit,

199 1713 271 1762 teste
294 1706 524 1783 obsequentes.
542 1709 601 1764 1119.
628 1705 682 1760 Cn.
708 1705 862 1760 Domitio
887 1703 916 1759 C.
939 1702 1059 1758 Cossio
1080 1719 1168 1759 eoas.
1195 1703 1286 1759 Ptole·

201 1805 297 1846 maens
306 1793 365 1845 'ren
380 1789 497 1862 Aepypti
511 1789 574 1858 (vel
587 1790 687 1860 potins
697 1789 883 1862 Cyrenarum)
901 1787 1016 1860 Cyrenes
1028 1793 1152 1844 mortuns
1166 1789 1197 1844 S.
1208 1788 1242 1843 Ρ.
1255 1785 1286 1855 Q.

202 1877 393 1932 Romanorum
413 1875 541 1930 heredem
562 1875 677 1946 reliquit.
715 1875 785 1932 Earn
808 1873 992 1929 hereditatem
1013 1878 1127 1928 senatus
1151 1875 1192 1928 sio
1210 1873 1288 1942 adiit,

200 1966 230 2016 ut
244 1959 453 2032 Cyrenensibus
468 1960 622 2014 libertatem
637 1965 663 2013 et
679 1965 708 2013 ut
725 1960 783 2014 suis
804 1959 934 2014 institutis
948 1964 1091 2013 uterentur
1103 1960 1288 2030 permitteret3

202 2047 238 2101 el.
254 2045 326 2100 Livii
341 2044 414 2115 Epit
431 2043 512 2098 LXX
526 2043 710 2113 Ptolemaeus,
734 2045 908 2116 Cyrenarum
928 2057 998 2110 ren,
1021 2045 1067 2098 eei
1086 2049 1289 2124 eopnomentnm

200 2131 303 2202 Aproni
321 2128 390 2200 fnit,
413 2135 536 2186 mortuus
557 2129 686 2184 heredem
700 2119 1145 2201 populnmRomnnnmrelr'qnit,
1166 2130 1289 2184 eteius

200 2217 302 2312 repni
321 2215 489 2269 civitates
509 2221 656 2269 senatus
672 2216 808 2270 liberos
827 2227 904 2269 esse
923 2214 1037 2268 iussit.
1073 2212 1131 2270 Sed
1147 2229 1232 2284 quum
1246 2219 1289 2284 ty-

201 2301 293 2355 renni
298 2298 416 2371 Cyrenis
434 2300 620 2366 exstitissent,
644 2301 690 2370 qui
708 2317 818 2355 summa
834 2299 949 2353 libidine
966 2298 1109 2352 civitatem
1128 2302 1287 2366 tractarent,

201 2386 238 2439 ei.
253 2384 347 2440 Plut.
341 2401 369 2437 rn
385 2384 491 2438 Luoull
499 2401 524 2438 s.
539 2391 564 2441 1
573 2381 711 2484 Κυρηνηί
709 2402 761 2450 ους
778 2368 984 2458 metalepsin&
985 2399 1003 2436 n
1016 2378 1202 2479 supersistere
1216 2395 1288 2439 σνν-

201 2467 275 2542 εχῶν
300 2461 351 2523 καὶ
375 2461 511 2540 πολέμων
534 2463 773 2542 ταραττομένους.
813 2468 962 2534 Romame,
989 2473 1018 2522 ut
1047 2468 1187 2538 suspicari
1215 2469 1287 2536 lieet,

202 2567 333 2608 caussam
355 2553 568 2622 quaerentibus,
590 2568 645 2622 qua
666 2554 740 2608 illam
764 2553 909 2648 regionem
931 2553 1047 2624 imperio
1069 2569 1120 2607 suo
1142 2552 1288 2620 adderent,

203 2636 312 2708 Cyrene
332 2652 406 2691 anno
427 2639 472 2694 75.
495 2653 520 2690 a.
538 2635 601 2695 Chr
619 2653 645 2690 n.
665 2640 693 2692 in
704 2637 873 2736 provinciae
896 2638 1011 2692 lormam
1033 2636 1151 2692 redacta
1170 2644 1227 2705 est;
1251 2641 1286 2692 el

202 2722 325 2793 Appian·
340 2721 374 2776 Β.
394 2719 424 2776 C.
438 2721 459 2786 l,
476 2726 537 2780 111.
563 2707 713 2778 Το66”
698 2711 830 2789 antennor
851 2716 947 2790 ἔτους,
968 2715 1051 2796 ἕκτης
1074 2715 1290 2820 ἕβδομηνοητῆς

203 2799 253 2860 καὶ
244 2799 424 2945 [inmenens
443 2792 626 2879 ὀλυμπιάδος
640 2797 740 2882 οὔσης,
759 2795 814 2864 (trio
832 2800 886 2881 μὲν
910 2799 942 2862 ἐν
964 2802 1131 2901 διαθηκῶν
1137 2795 1232 2880 ἔθνη
1232 2806 1289 2862 Pto-

202 2909 244 2964 μοι
244 2887 300 2959 οις
323 2885 544 2968 προσεγνγνυτο,
574 2889 707 2948 removte
733 2910 763 2948 τε
789 2879 984 2966 Νικομήδους
1003 2877 1212 2990 ἀπολιπόντος,
1231 2886 1289 2992 νηὶ

200 2966 343 3071 Κυρήνη,
372 2973 558 3050 Πτολεμαίου
582 2977 634 3034 τοῦ
660 2974 798 3054 Λαγίδου
824 2970 981 3052 βασιλέως,
1010 2962 1042 3044 ὃς
1066 2961 1270 3073 ἐπίκλησιν
1248 2995 1290 3051 ην

200 3045 325 3134 Ἀπίων,
349 3077 431 3132 quem
448 3063 540 3117 loe-um
556 3063 742 3135 Kreyssigius
757 3062 910 3119 Comment.
929 3079 958 3132 p
980 3065 1023 3120 16.
1045 3067 1120 3116 reete
1142 3062 1183 3116 sie
1192 3063 1289 3134 oepit,

203 3152 233 3201 ut
247 3152 380 3202 statueret
400 3163 456 3202 non
477 3146 514 3201 ad
535 3146 611 3205 idem
635 3153 743 3218 tempus
759 3148 919 3217 Appianum
941 3146 1071 3200 retulisse
1088 3147 1242 3202 Ptolemaei
1263 3152 1290 3201 et

203 3231 366 3288 Nicomedis
381 3238 495 3288 mortem
509 3247 545 3285 oe
563 3236 766 3300 testamentum,
786 3247 840 3301 quo
858 3245 952 3285 errore
973 3232 1098 3286 Pertzius
1116 3239 1145 3302 p.
1167 3237 1210 3292 ll·
1226 3247 1289 3288 eum

203 3315 391 3382 insimulavit,
427 3314 479 3370 sed
499 3315 554 3369 hoc
575 3314 752 3385 prodidisse,
767 3331 822 3370 nno
843 3315 988 3386 eodemque
1000 3332 1076 3373 anno
1092 3316 1252 3388 Bithyniam
1265 3323 1291 3370 et
1311 3333 1314 3338 ·

204 3399 331 3471 Cyrenen
343 3414 381 3454 ere
397 3414 493 3471 repnm
507 3399 615 3453 illorum
628 3392 785 3464 testamenti
799 3401 1015 3472 provincias
1036 3397 1215 3456 Romanas
1233 3403 1290 3474 fa-

203 3490 279 3538 etas
299 3496 383 3537 esse.
398 3481 429 3536 ln
448 3498 556 3538 summo
571 3481 655 3552 igitur
668 3485 792 3555 Appiani
807 3501 871 3540 eum
888 3485 1022 3541 Sallustio
1036 3502 1178 3541 consensu
1195 3488 1290 3541 incon-

204 3567 276 3622 sulto
292 3567 428 3622 Franzius
446 3569 475 3621 in
491 3565 572 3636 Corp.
589 3567 677 3622 inser.
693 3570 756 3626 Vol.
777 3570 824 3624 lil.
839 3587 866 3641 p.
886 3575 949 3632 560.
970 3572 997 3624 b.
1020 3571 1095 3634 illius
1117 3571 1173 3626 lide
1195 3578 1290 3642 spreta

201 3651 339 3722 Eutropio
356 3650 410 3719 vl,
429 3656 473 3710 11.
493 3656 606 3710 auctore
627 3656 748 3723 probare
766 3655 871 3710 studuit
889 3671 963 3709 anno
979 3654 1092 3710 demum
1116 3657 1161 3714 67.
1184 3672 1210 3710 a.
1228 3655 1298 3712 Chr.'

203 3741 238 3789 ri„
254 3734 385 3808 Cyrenen
406 3737 435 3792 in
450 3736 613 3808 provinciae
632 3739 750 3796 sormam
774 3755 838 3795 esse
862 3755 893 3794 re
916 3739 1043 3808 daotam;
1069 3757 1239 3812 quamquam
1255 3759 1290 3796 ne

203 3819 354 3891 Eutropius
376 3819 503 3891 quidem,
519 3821 564 3887 id,-
585 3822 660 3892 quod
675 3823 812 3880 Franzius
827 3825 970 3894 opinatur,
990 3825 1083 3883 tradit.
1105 3826 1177 3880 Nam
1194 3843 1290 3896 quum,

204 3905 353 3977 postquam
375 3907 499 3962 narravit
520 3909 663 3963 subactam
693 3910 780 3963 luisse
810 3926 860 3980 per
881 3910 1023 3965 lttletellum
1051 3909 1176 3977 Cretam,
1199 3911 1291 3981 (quod

207 3989 309 4044 iactum
327 4005 353 4044 a.
368 3992 478 4060 67.).ita
492 3999 606 4064 pergatr
627 4009 702 4062 „quo
720 3995 951 4066 tempore.Libya
968 4008 1080 4066 quoque
1095 3995 1223 4050 Romano
1241 3997 1290 4050 im-

204 4074 283 4144 perio
298 4089 349 4144 per
364 4081 557 4144 testamentum
573 4077 692 4148 Apionis
713 4079 870 4146 accessit;“
885 4079 978 4150 quivis
1000 4080 1079 4135 videt
1098 4097 1151 4151 quo
1169 4085 1291 4152 tempore

207 4173 262 4227 non
284 4176 349 4214 esse
371 4159 463 4216 eodem
485 4178 572 4230 anno,
601 4160 653 4216 sed
670 4163 772 4232 paneis
793 4164 826 4231 (i.
843 4179 867 4217 e.
884 4165 961 4232 oeto)
972 4166 1054 4220 annis
1065 4166 1138 4219 ante.
1155 4195 1192 4204 -
1207 4165 1291 4222 esre-

204 4258 271 4311 nos,
293 4243 370 4315 quod
383 4246 522 4320 palimps.¹
533 4249 651 4318 praebet-
662 4262 713 4317 pro
729 4246 870 4320 Cyrenas,
887 4264 945 4302 non
965 4254 1076 4304 eertum¹
1092 4249 1221 4320 quidem,
1238 4249 1290 4306 sed
