3102 4956
229 365 292 455 252
605 368 634 428 o.
661 368 832 451 sutusu
863 370 976 432 cursu

229 532 407 634 serrarum¹
417 565 530 632 castra
540 563 630 652 pald
641 559 765 652 nappis
786 559 941 650 operibus
957 563 1165 632 communite.
1190 559 1344 634 Deindea

163 735 165 738 -
215 685 381 778 ,fugitivi
410 684 608 776 consumptis
633 683 704 752 iarn
730 679 979 772 alimentis,--ne
1002 685 1246 779 praedantibus
1273 708 1316 756 ex

175 891 179 900 ,
231 811 415 906 propinquo
448 811 551 886 bosn's
579 789 733 894 instaret,
749 811 860 883 ..soliti
896 825 988 886 more
1008 811 1153 884 ”malitiae
1183 809 1315 903 vigilias

230 1051 409 1108 incommodo
438 1052 560 1118 laborat,
589 1049 681 1121 quod,
712 1068 796 1124 quum
818 1058 952 1118 numerus
974 1053 1132 1110 litterarum.
1147 1054 1175 1107 in
1197 1052 1316 1124 singuiis
1346 1063 1348 1068 ·

233 1137 363 1193 versibus
380 1139 418 1192 iia
433 1137 505 1192 inter
522 1140 555 1194 18
573 1137 651 1193 etati
667 1134 795 1204 fluctuet,
819 1145 848 1193 ut
869 1153 1008 1210 nusquam
1031 1141 1066 1196 23
1089 1137 1222 1206 excedat,
1244 1145 1316 1196 unus

230 1239 334 1278 versus
348 1225 383 1280 34
398 1223 503 1278 litteras
519 1221 683 1290 contineret.
720 1221 813 1290 Quale
830 1222 1019 1294 probabiliora
1040 1229 1208 1293 quaerentes
1225 1219 1317 1278 Sallu-

233 1307 316 1362 stium
332 1308 483 1378 scripsisse
495 1312 644 1378 putamus:
666 1323 730 1361 curn
744 1307 800 1364 vol.
817 1324 893 1368 nunu
909 1315 984 1380 quat.
999 1304 1041 1374 M,
1064 1321 1206 1379 seruorum
1222 1311 1317 1362 castra

220 1448 222 1452 ,
228 1393 299 1464 petit
317 1392 425 1465 ntupnis
451 1409 499 1464 op.
526 1393 713 1452 communem,-
732 1421 774 1430 —
797 1409 868 1462 quae
893 1393 1055 1448 coniectura
1080 1409 1167 1448 sensu
1188 1407 1245 1457 non
1265 1390 1317 1445 dil-

233 1479 285 1531 iert
300 1494 316 1532 a
331 1477 546 1549 Kreyssigiana,
557 1474 608 1530 sed
624 1491 687 1530 eam
703 1477 820 1535 sormam
835 1477 919 1534 habet
922 1480 1008 1572 ,duae
1021 1480 1138 1534 lacunae
1155 1476 1316 1532 condicioni

232 1579 288 1616 non
303 1568 507 1634 repugnet.-
464 1558 563 1645 -De
579 1561 756 1632 appositione
770 1576 895 1618 numero
905 1563 987 1618 vocis
1009 1580 1037 1619 v.
1054 1568 1186 1618 annotata
1202 1561 1239 1617 ad
1255 1561 1316 1633 lug.

231 1665 257 1702 c.
273 1646 347 1714 Llll,
365 1650 391 1702 4.
407 1663 435 1717 p
454 1650 515 1705 291

316 1735 341 1796 S
356 1734 382 1788 4
398 1730 518 1797 Deinde)
534 1728 610 1783 llaec
625 1730 763 1800 particula
779 1731 921 1804 significat
942 1749 998 1787 non
1021 1734 1111 1788 statirn
1128 1738 1192 1803 post
1207 1731 1316 1785 Varinii

231 1813 471 1891 adventurn„sed
491 1814 635 1868 interiecto
655 1815 748 1884 aliquo
768 1818 894 1888 ternpore
914 1804 1070 1884 accidisse,
1093 1833 1165 1888 quae
1182 1816 1218 1870 de
1233 1814 1317 1886 Spar-

231 1902 286 1955 taci
304 1898 403 1954 iraude
423 1900 596 1966 reseruntur,
620 1914 648 1952 v.
670 1898 761 1956 Hand.
782 1900 930 1956 Tursellin.
954 1903 1018 1958 Vol.
1042 1902 1074 1958 ll.
1096 1919 1125 1973 p.
1147 1905 1209 1959 240.
1239 1901 1317 1975 erae

233 1990 400 2057 sequuntur,
420 1985 572 2044 Frontinus
596 1981 715 2055 Strateg.
732 1986 758 2053 1,
782 1990 815 2055 5,
838 1992 882 2044 22.
898 2003 934 2040 ex
949 1987 1004 2042 hoc
1027 1988 1088 2057 ipso
1107 1986 1232 2043 Sallustii
1254 1987 1316 2040 loco

234 2069 350 2143 repetita
371 2068 446 2124 hunc
470 2069 499 2122 in
519 2067 634 2122 modurn
650 2071 804 2124 enarravit=
821 2069 899 2126 Idem
908 2088 1014 2144 ,quum
1028 2089 1046 2126 a
1060 2071 1095 2126 P.
1118 2071 1231 2127 Varinio
1245 2086 1316 2142 pro—

232 2156 344 2212 consule
354 2155 523 2226 praeelusus
539 2158 623 2222 esset,
640 2155 717 2225 pulis
732 2171 790 2232 per
810 2157 916 2212 modica
930 2158 1075 2212 inurenda
1089 2157 1158 2228 fiais
1173 2162 1236 2232 unte
1244 2171 1317 2227 por-

121 2283 143 2319 3
231 2248 288 2326 tum
302 2245 394 2296 erecta
410 2240 563 2308 cadavera,
579 2238 716 2294 adornata
736 2245 809 2297 ueste
829 2246 911 2314 apua
927 2244 1029 2312 armas,
1051 2242 1186 2315 altipaott,
1202 2246 1232 2296 ut
1245 2255 1318 2311 pro-

230 2312 454 2384 mlabundbus
467 2324 591 2380 stationis
612 2326 817 2395 specimen,
840 2326 946 2398 ipnibus
963 2333 1021 2398 per
1040 2333 1096 2382 tota
1113 2331 1208 2381 caetra
1219 2321 1316 2397 factis.

231 2411 356 2483 Imapine
381 2426 455 2465 uano
476 2409 569 2464 deluso
592 2407 668 2464 noete
689 2412 784 2481 copias
807 2412 912 2472 silentio
934 2415 1020 2467 nocue
1041 2412 1146 2466 educit.
1162 2407 1316 2467 KREYSS.

231 2493 437 2552 Praedantibus
463 2493 539 2547 idern
559 2493 708 2548 verissime
724 2492 846 2549 restituit
867 2511 902 2550 ex
922 2495 1147 2551 P...DANTIB.
1168 2493 1318 2552 Freinshe-

233 2583 306 2636 mius
334 2579 491 2633 inconsulte
517 2576 676 2632 coniecerat
702 2593 753 2634 nee
771 2580 1017 2652 suppeditantibus.
1036 2611 1078 2620 —
1095 2580 1145 2635 Ea
1158 2581 1319 2651 propinquo

233 2681 298 2722 cnm
315 2662 482 2734 Kreyssigio
500 2662 590 2716 relero
606 2660 643 2714 ad
658 2660 742 2718 bostis
761 2666 889 2735 instaret,
907 2681 1075 2736 quamquain
1097 2663 1126 2718 id
1148 2681 1205 2718 non
1227 2680 1319 2719 exem·

232 2751 304 2822 plis,
322 2746 374 2802 seii
389 2747 497 2802 ratione
510 2747 560 2801 niti
575 2761 693 2816 censeo;
709 2765 774 2806 nam
785 2756 815 2804 ut
829 2750 914 2821 plane
931 2767 988 2805 non
1004 2755 1063 2817 est,
1086 2765 1136 2804 cur
1151 2749 1318 2846 praedanti-

233 2835 284 2890 bus
298 2827 460 2889 accuratius
481 2833 609 2889 attributo
626 2830 788 2904 deliniatur,
804 2835 841 2890 ita
856 2836 964 2890 timoris
982 2851 1086 2890 caussa
1106 2835 1134 2888 in
1151 2835 1317 2906 propanpui-

233 2924 288 2976 tate
302 2919 386 2975 Ιιοείὶε
404 2924 464 2972 erat
480 2917 582 2989 posita

321 3005 393 3060 solite¹
405 3019 482 3060 more
498 3003 621 3070 militiae)
645 3003 965 3062 eod.Vat.SOL1T1M
979 3043 1078 3059 .....
1092 3003 1226 3075 lisinii,
1242 3003 1318 3074 quod

234 3090 420 3168 Kreyssigius
438 3089 554 3162 egregie
574 3087 709 3158 restituit,
726 3089 827 3144 collato
851 3087 919 3145 Sall.
940 3089 999 3160 lug.
1023 3105 1049 3143 c.
1069 3089 1165 3156 XLIV,
1182 3094 1208 3144 5
1225 3087 1319 3160 Neque

234 3176 426 3234 muniebantur
448 3181 558 3243 castra,
580 3187 668 3243 neque
691 3187 785 3227 more
807 3173 962 3228 militari
977 3175 1082 3246 apstine
1104 3173 1317 3229 deducebantur.

235 3266 272 3320 ib.
290 3280 315 3316 c.
337 3261 411 3328 LlV,
434 3266 458 3318 1.
476 3258 602 3315 Metellus
621 3258 733 3312 meritos
750 3257 779 3310 in
793 3256 913 3328 proetus
934 3273 1029 3314 more
1051 3259 1204 3313 militiae
1223 3257 1317 3312 donat.

234 3347 322 3402 Tacit.
335 3346 411 3418 Anu.
428 3345 449 3410 l,
463 3348 494 3412 6,
509 3349 536 3400 2.
552 3341 704 3396 Nuncianti
716 3343 881 3409 centurioni,
899 3347 936 3397 ut
951 3357 1020 3398 mos
1035 3343 1197 3410 militiae,
1210 3340 1318 3413 fuctum

236 3429 383 3501 essequod
403 3430 583 3499 imperasset,
605 3425 756 3495 respondit.
780 3456 823 3465 -
845 3425 937 3482 Maius
959 3427 1072 3498 scripsit
1093 3427 1187 3481 solitus
1208 3426 1319 3480 militiae

234 3516 354 3587 cipilias;
370 3537 412 3548 -·
428 3510 607 3579 GerlachiuS,
623 3509 670 3580 qui
686 3511 714 3564 in
731 3509 776 3564 ed.
791 3511 860 3566 rnai.
875 3513 968 3568 solius
981 3514 1091 3568 militiae
1106 3510 1195 3578 dedit,
1212 3511 1318 3566 omissa

237 3616 308 3654 voce
323 3599 442 3670 euplius,
457 3597 523 3650 Vol.
540 3595 586 3648 lll.
607 3610 637 3665 p.
654 3598 714 3653 139.
731 3596 831 3667 supina
846 3597 1020 3669 negligentia
1031 3614 1063 3652 ac
1079 3612 1196 3666 prorsus
1214 3595 1317 3650 somni-

235 3686 347 3740 culose:
365 3681 511 3751 „videtur,
533 3679 638 3749 inquit,
662 3680 869 3738 emendandum
895 3698 959 3736 esse
979 3684 1109 3738 stationes
1128 3675 1316 3752 uipdiaspue.“

235 3770 376 3837 Lacunam
391 3764 600 3838 Sia-...and
618 3764 673 3819 iam
687 3765 836 3822 Bimardus
851 3772 926 3837 recte
943 3767 1075 3838 explevit.
1106 3764 1219 3836 Vspe'line
1233 3770 1316 3825 noctu

235 3855 307 3910 intra
335 3855 429 3907 eastra
445 3883 449 3888 -
463 3852 631 3922 agebantur,
660 3853 790 3906 stationes
816 3850 937 3906 interdiu
963 3869 1015 3924 pro
1043 3850 1131 3923 portis
1161 3855 1316 3905 castrorum

235 3943 314 3994 orant
323 3954 331 4006 ;
348 3937 385 3991 ci.
400 3936 445 3990 Fr.
462 3935 501 4007 Π,
514 3938 558 3993 63.
577 3967 617 3978 -
632 3933 731 3990 Munda
747 3938 862 4011 exsequi
880 3935 1065 4009 Kreyssigius
1088 3930 1263 3990 acute'eruit
1281 3948 1316 3990 ex
1402 3943 1404 3946 ·

234 4022 379 4078 lacunosis
405 4020 469 4076 cod.
490 4019 554 4074 Vat.
576 4020 693 4077 vocibus
720 4021 837 4076 MUNIA
860 4021 980 4090 Ε.....,
1001 4038 1086 4092 quurn
1110 4035 1155 4074 ex·
1171 4017 1317 4073 Niebuhrii

236 4105 400 4180 apographo
410 4105 528 4161 MUNIA
542 4104 600 4172 ΕΑ,
619 4111 697 4160 etex
713 4105 838 4160 Bimardi
855 4107 974 4161 lectione
986 4106 1104 4162 MUNIA
1117 4103 1161 4160 ES
1178 4103 1316 4158 coniecis·
1361 4099 1364 4105 ’

235 4200 278 4248 set
292 4197 444 4248 extremam
468 4191 600 4260 litteram,
626 4205 698 4261 quae
719 4190 747 4244 in
769 4190 834 4245 Maii
858 4190 981 4246 editione
1000 4191 1084 4262 plane
1106 4187 1202 4256 deest,
1223 4203 1316 4258 neque

233 4279 365 4351 Aneque
383 4275 419 4348 S,
437 4275 489 4334 sed
510 4274 653 4342 residuam
673 4274 880 4349 particulamX
901 4276 1008 4334 litterae
1028 4265 1106 4330 esse.
1148 4271 1246 4330 Mania
1268 4271 1315 4329 hio
