3096 4962
470 379 720 446 nrsronmnuu
743 381 979 446 retensum.
1026 381 1093 444 ms
1117 383 1138 443 t.
1304 373 1346 447 38

276 668 278 673 Δ
359 581 410 646 88.
436 573 478 646 ΕΙ
492 575 616 646 relatus
631 575 817 646 inconditae
831 575 910 646 olim
924 573 1011 646 vitae
1027 597 1113 662 moe,
1129 576 1165 644 ut
1178 595 1276 647 omne
1293 574 1346 646 ius

154 799 157 804 Ι
257 699 289 768 in
314 700 440 771 viribus
461 705 559 771 esset.

357 833 409 898 89.
440 813 518 912 Ouo
548 829 749 920 patefactum
767 828 818 898 est
837 823 1070 918 rempublicam
1092 826 1253 920 praedae,
1280 851 1346 901 non
1385 922 1390 931 ἱ

258 949 397 1023 libertati
422 953 603 1046 repetitam.
770 923 779 944 ⁸

148 1149 149 1154 ’
211 1155 212 1160 ’
252 1161 300 1232 qui
308 1164 434 1232 poterut,
451 1159 518 1234 plus
534 1159 605 1215 iuris
625 1157 728 1216 babere
748 1156 908 1221 uidebaturr
931 1149 1004 1230 quae
1022 1160 1111 1217 verba
1133 1157 1293 1216 memoriter
1312 1177 1344 1216 ac

252 1247 370 1301 liberius
388 1261 423 1300 ex
439 1245 596 1317 posteriore
611 1243 695 1300 huius
706 1243 867 1315 Fragmenti
882 1249 962 1314 parte
975 1251 1111 1316 expressa
1124 1241 1233 1300 Curtius
1247 1261 1344 1317 parum

254 1336 334 1384 acute
356 1329 393 1384 ad
409 1328 490 1385 Catil.
501 1328 629 1401 XXXIX,
640 1333 667 1386 4.
686 1329 832 1399 pertinere.
847 1330 966 1383 censuit.
979 1329 1130 1385 Praeterea
1142 1327 1225 1385 Corn.
1242 1331 1344 1386 Fronto

193 1433 197 1451 2
255 1413 291 1470 de
308 1419 390 1468 oratt.
404 1413 442 1481 11,
460 1419 486 1472 8.
499 1413 577 1480 (Vol.
592 1412 625 1465 ΙΙ.
642 1429 671 1482 p.
686 1416 748 1471 966.
773 1410 819 1465 ed.
834 1410 1140 1480 Mediol.a.1815.)‘et
1158 1412 1220 1484 ipse
1242 1431 1345 1470 merno-

254 1486 321 1552 riter
333 1502 469 1554 memorat
485 1495 647 1554 Sallustium
666 1494 773 1550 dixisse
789 1509 868 1550 omne
882 1497 925 1550 ius
938 1497 968 1550 iu
986 1497 1232 1552 calidioribus
1252 1513 1344 1566 esse,

256 1581 332 1637 unde
366 1579 532 1636 Gerlaehius
560 1581 588 1635 in
615 1578 660 1634 ed.
692 1581 759 1634 min.
786 1581 815 1635 in
845 1581 948 1636 ceteris
983 1581 1108 1637 Vaccam
1138 1586 1252 1638 secutus
1282 1571 1345 1654 per·

256 1685 340 1723 verso
358 1665 464 1722 iudicio
480 1665 584 1721 simbus
599 1665 781 1723 commutavit
797 1681 860 1720 cum
872 1665 1057 1722 validioribus.
1093 1664 1244 1722 Sallustius
1260 1684 1345 1740 quum

254 1751 307 1806 hoo
330 1751 420 1819 dicat,
443 1751 487 1806 ius
505 1767 556 1823 per
576 1765 607 1805 se
631 1750 719 1806 luisse
746 1751 866 1820 nullum,
902 1767 934 1807 ac
955 1752 1028 1807 eires
1045 1767 1104 1824 pru
1130 1753 1193 1807 mre
1218 1753 1344 1828 ustumse,

146 1907 149 1914 1
254 1829 441 1910 (1099009000
460 1843 511 1904 est,
535 1835 603 1908 quin
617 1834 672 1890 hoc
688 1835 900 1907 Fragmentum,
924 1836 1004 1892 cuius
1019 1835 1231 1902 librumnullus
1250 1845 1344 1894 aucto-

255 1937 315 1977 rum
333 1920 483 1990 indicavit,
498 1919 534 1976 de
551 1937 584 1975 eo
605 1925 730 1993 ternpore
745 1920 915 1999 capiendum
931 1922 984 1990 sit,
1001 1937 1056 1993 quo
1074 1921 1152 1978 Sulla
1169 1922 1343 1979 adversariis

164 2045 166 2048 -
255 2008 350 2064 tractis
365 2019 397 2061 ac
412 2007 537 2079 protritis
556 2007 636 2062 nisus
648 2012 848 2062 veteranorum
864 2012 890 2062 et
902 2005 1093 2062 Corneliorum
1109 2023 1224 2063 suorum
1239 2010 1344 2065 ferocis

256 2096 338 2164 utque
360 2092 446 2153 armis
468 2092 563 2146 omnis
586 2107 622 2146 ex
641 2091 768 2148 lubidine
785 2093 843 2164 egit
862 2097 890 2146 et
910 2099 938 2147 ut
958 2091 1104 2147 dominum
1122 2094 1295 2165 reipublicae
1313 2110 1343 2150 se

256 2179 355 2249 gessit.
400 2175 468 2232 Rei
474 2192 491 2231 o
501 2183 511 2231 t
517 2191 557 2232 us
572 2189 643 2231 mos
659 2175 800 2248 significat
816 2178 962 2248 repetitu,
986 2189 1088 2234 mustis
1101 2177 1195 2232 illotus
1208 2194 1283 2242 mos,·
1308 2179 1343 2233 ci.

257 2259 314 2316 Cic.
329 2261 447 2317 Divinat.
460 2262 488 2322 in
503 2261 541 2329 Q.
551 2259 633 2316 Caes.
646 2277 671 2331 e.
683 2265 732 2331 91,
744 2262 788 2319 67.
828 2259 908 2315 Haec
924 2262 1060 2316 maiorum
1079 2263 1244 2318 coucumudo
1266 2263 1345 2336 lonqo

192 2343 194 2348 '
255 2339 398 2402 interculta
414 2348 531 2420 repetitu
545 2360 580 2400 oc
594 2345 727 2401 reluta.
772 2343 942 2411 iniustis.
982 2341 1045 2402 Hoc
1059 2346 1164 2402 institui
1179 2351 1261 2420 atque
1276 2349 1345 2404 odeo

255 2433 404 2488 destitutum
418 2431 563 2504 referri
576 2443 611 2485 uc
624 2432 756 2487 roucourt
768 2431 877 2487 moleste
893 2430 1000 2503 ferunt.
1037 2429 1152 2487 Sueton.
1167 2429 1249 2488 Caes.
1264 2449 1289 2488 c.
1299 2439 1344 2502 90,

170 2547 172 2556 ‚
257 2518 295 2571 in.
324 2515 747 2590 Antiquumretutitmorem,
764 2517 973 2572 ut—-tictures
984 2529 1060 2587 poue
1077 2522 1267 2589 sequerentur.
1302 2517 1345 2575 Si·

255 2603 350 2657 milent
365 2603 424 2657 lere
439 2601 605 2658 sententium
616 2601 759 2670 Velleius,
782 2602 830 2657 ubi
846 2599 881 2656 de
898 2599 1089 2657 Gracchorum
1108 2601 1196 2658 turbis
1214 2603 1344 2674 loquitur,

255 2687 369 2758 protulit
380 2686 419 2758 ΙΙ,
430 2691 457 2756 8,
469 2691 496 2746 3.
530 2685 594 2743 Huc
608 2687 714 2744 initium
731 2687 761 2741 in
779 2686 849 2742 urbe
870 2687 956 2743 uum
976 2686 1119 2759 respuistis
1137 2687 1345 2761 puerorumque

254 2772 422 2844 inpunitatis
439 2771 503 2843 suit
520 2791 521 2796 ¹
547 2769 695 2828 Insteius
715 2773 749 2828 ui
770 2771 951 2844 obrutum,
969 2773 1228 2852 potentiamque
1245 2771 1346 2830 bubi-

179 2887 182 2892 »
255 2861 314 2911 tus
322 2858 448 2928 prior,
466 2855 673 2927 discordiaeque
686 2858 799 2929 uuum,
816 2863 898 2912 cutes
912 2855 1114 2912 condicionibus
1127 2861 1228 2914 sonori
1239 2861 1344 2931 solitae,

256 2939 337 3012 ferro
355 2939 521 2996 diiudicatae
529 2937 674 3017 ,belloque
689 2955 745 3023 noo
759 2943 866 2996 caussis
881 2941 964 3014 inito,
987 2941 1038 2996 sed
1053 2947 1143 3015 prout
1160 2957 1255 3001 eorum
1273 2959 1352 3016 oser-¹

257 3037 303 3079 ces
321 3023 386 3098 fuit.

306 3109 387 3165 Fr.
402 3112 446 3169 89.
478 3105 576 3183 [Deest
591 3107 667 3182 apud
685 3104 770 3176 Cort,
785 3106 868 3162 Debr.
887 3111 914 3163 et
929 3107 1004 3162 Gerl.
1021 3107 1066 3164 ed.
1079 3097 1145 3166 mai.
1151 3135 1195 3150 «-
1208 3110 1260 3166 Ed.
1276 3113 1343 3169 min.

170 3235 171 3240 .
233 3195 284 3265 ·l,
302 3197 347 3258 89.
365 3211 394 3268 p.
408 3199 468 3264 185,
481 3191 519 3270 l]
541 3195 740 3267 Fragmentum
755 3207 854 3248 recens
873 3191 999 3247 additum
1015 3194 1142 3251 servavit
1156 3193 1241 3249 Aras.
1257 3213 1285 3252 v.
1301 3209 1334 3251 re

253 3287 364 3352 petere,
389 3295 417 3354 p.
431 3284 500 3352 359.
516 3280 641 3336 Lindem.
670 3278 883 3335 Continetur-eo
898 3276 1024 3334 Sallustii
1044 3277 1178 3334 iudicium
1195 3278 1230 3334 de
1249 3277 1344 3336 Sullae

259 3366 374 3437 imperio
398 3368 483 3422 armis
504 3367 634 3424 civilibus
658 3379 722 3421 oum
748 3363 874 3437 pernicie
896 3363 1069 3435 reipublicae
1093 3368 1208 3436 parat03
1240 3365 1344 3438 quippe

258 3450 510 3522 proscriptionibus
525 3445 668 3524 cognitum
686 3447 765 3521 es'se,
782 3449 859 3504 illum
873 3465 929 3504 non
944 3449 1115 3520 reipublicae
1131 3451 1344 3506 constituendae

259 3541 377 3602 caussa,
394 3541 423 3589 ut
438 3536 637 3606 mentiebatur,
658 3534 711 3592 scd
735 3539 763 3590 ut
784 3533 918 3591 infinitam
941 3533 1093 3605 potentiam
1114 3543 1343 3607 consequeretur,

261 3619 431 3688 tantopere'
425 3635 453 3672 1n
469 3619 651 3680 adversarios
669 3621 818 3678 saeviisse.
863 3620 908 3675 09.
921 3617 1042 3691 Appian.
1069 3618 1152 3674 deB.
1174 3619 1234 3678 Civ
1251 3621 1277 3691 Ι,
1298 3627 1342 3681 89.

259 3719 287 3800 p
316 3705 376 3762 123
406 3701 577 3799 Schweigh.
615 3695 675 3762 Τὸν
692 3701 795 3801 δῆμον
815 3697 844 3774 ἔς
867 3697 1027 3778 ἐκκλησίαν
1046 3691 1224 3780 συναγαγὼν
1243 3695 1324 3804 τήν
1314 3723 1345 3764 ss

243 3773 417 3885 c'ruciysqv
421 3786 481 3844 suiv
497 3775 655 3865 παρόντων
679 3775 861 3870 ὥλαφύρετρ,
886 3782 938 3845 καὶ
956 3773 1083 3867 θαρρεῖν
1101 3779 1324 3887 πραςὲταξεν,“
1305 3809 1346 3860 ως

139 3919 143 3928 .
260 3858 721 3947 αντίαατόνδεπανσομέναν,
753 3862 1345 3950 καὶτῆςναολιτείαςέςτρδὲαν
1444 3892 1448 3901 ’

260 3936 520 4034 dteuuoptvqc.
564 3957 643 4026 Quae
661 3959 755 4016 Sullae
773 3963 876 4029 verba,
903 3960 1025 4032 quietam
1046 3960 1187 4018 civitatem
1213 3964 1241 4014 ct
1264 3977 1344 4017 secu-

260 4059 320 4098 ram
332 4044 539 4116 promittentia,
558 4059 640 4114 quam
660 4059 734 4100 vana
750 4045 865 4114 luerint,
883 4045 963 4099 tum'
957 4059 1093 4100 immanes
1109 4041 1260 4105 ostendunt
1275 4050 1344 4102 stra-

207 4146 210 4150 ·
261 4144 313 4200 ges
328 4129 486 4214 insecutae,
501 4129 559 4183 tum
575 4126 733 4182 declaratur
744 4127 883 4187 Plutarchi
897 4131 1007 4199 verbis,
1024 4131 1144 4186 tortasse
1162 4147 1198 4184 ex
1210 4127 1343 4186 Sallustio

262 4215 424 4284 expressis,
447 4215 474 4274 iu
491 4197 610 4270 Sullae.
622 4217 666 4272 80.
691 4197 967 4292 Ἀλλανὴτὸχρῆμα
981 4209 1163 4291 τυραννίδος,
1178 4229 1233 4271 ocu
1249 4200 1343 4270 circut-

262 4286 337 4373 topi
359 4292 469 4374 pipere.
519 4301 556 4353 09
578 4299 674 4353 Valer.
697 4299 771 4354 Max.
796 4298 862 4368 Vll,
885 4305 916 4370 6,
928 4303 968 4357 4.
1004 4300 1143 4358 alderia
1164 4307 1192 4355 et
1211 4300 1260 4356 Cn.
1276 4299 1344 4356 Car-

303 4415 1005 4457 antemuranum·
1095 4394 1115 4456 3
