3112 4956
197 369 260 436 278
558 374 588 431 C.
614 376 787 436 SALLUSTI
811 377 925 437 celse}

200 561 296 632 vobis
323 585 389 632 uuo
410 561 520 632 animo
543 563 759 654 pergentibus
776 563 898 656 possit,
919 587 1004 658 quos
1030 561 1208 656 languidos
1223 583 1285 632 so-

201 687 386 780 cordesque
413 688 634 778 pertimuere?
673 688 742 758 Nisi
768 690 853 760 torte
879 689 913 760 G.
938 689 1050 774 Cotta,
1074 711 1117 760 ex
1143 688 1285 758 factione

201 812 309 882 media
335 813 469 898 consul,
497 813 593 884 aliter
624 835 720 906 quam
745 819 833 886 metu
860 816 932 886 iura
958 813 1120 909 quaedam
1146 812 1285 882 tribunis

200 937 308 1028 plebei
334 937 493 1027 restituit3
515 938 547 1008 et
573 961 771 1032 quamquam
791 941 827 1010 L.
850 940 992 1012 Sicinius
1011 937 1137 1031 primus
1156 938 1198 1008 de
1218 959 1285 1029 po-

202 1063 320 1130 testate
352 1061 523 1134 tribunicia
553 1063 643 1157 loqui
676 1085 796 1151 ausus,
825 1065 1050 1138 mussantibus
1081 1063 1193 1148 vobis,
1217 1063 1285 1132 cir·

202 1190 398 1258 eumventus
424 1192 510 1272 erat,
538 1191 646 1260 161666
667 1190 760 1281 prius
776 1189 822 1260 illi
835 1191 994 1260 invidiam
1011 1190 1168 1272 metuere,
1188 1208 1286 1279 quam

202 1332 266 1380 vos
298 1309 435 1382 iniuriae
466 1317 656 1404 pertaesum
691 1320 752 1386 est.
812 1314 909 1400 Quod
939 1335 1005 1408 ego
1041 1334 1171 1407 nequeo
1204 1312 1286 1384 satis

202 1579 243 1590 -
259 1547 330 1606 Iura
342 1551 478 1624 maedam
493 1554 609 1611 tribunis
618 1555 708 1627 piebis
718 1556 842 1612 6661116ιὶ1.
860 1554 936 1610 Η666
948 1553 1119 1610 illustrantur
1130 1552 1192 1607 loco
1208 1550 1287 1608 Cice-

203 1636 280 1690 ronis
294 1652 330 1690 ex
345 1654 386 1691 or.
403 1655 431 1708 p.
450 1637 570 1708 Cornel,
587 1641 651 1696 Vol.
667 1640 748 1708 11,a.
763 1657 792 1711 p.
807 1644 852 1700 78.
868 1638 952 1696 Orell.
968 1636 1153 1696 Inimicusimi
1165 1637 1221 1705 (sc.
1237 1653 1286 1690 no·

202 1720 288 1787 biles)
303 1721 333 1778 C.
351 1721 444 1778 Cottae
459 1723 591 1795 fuerunt,
606 1725 679 1797 quod
697 1727 722 1780 is
742 1726 839 1782 consul
852 1723 1109 1797 paulum'tribuuu
1126 1721 1218 1794 plebis
1230 1737 1286 1776 non

197 1807 357 1875 potestatis,
371 1809 422 1862 scd
435 1809 572 1880 (1196116166
586 1810 704 1878 addidit,
724 1808 761 1865 ad
781 1825 853 1880 quae
868 1811 957 1866 verba
977 1808 1121 1864 Asconius
1137 1808 1155 1865 l.
1174 1808 1193 1862 l.
1213 1805 1285 1860 haec

203 1887 301 1944 habet:
319 1891 390 1957 „Hic
413 1891 508 1960 Cotta,
526 1897 555 1947 ut
576 1901 658 1965 puto,
680 1895 772 1966 legem
793 1895 867 1962 tulit,
888 1900 917 1949 ut
937 1893 1054 1949 tribunis
1076 1892 1166 1964 plebis
1190 1892 1287 1946 liceret

202 1980 303 2044 postea
325 1976 396 2032 alios
417 1978 598 2050 magistratus
616 1995 734 2051 capere,
759 1978 835 2050 quod
851 1981 915 2051 lege
938 1976 1034 2034 Sullae
1055 1978 1090 2034 iis
1112 1982 1172 2031 crat
1191 1974 1286 2030 adem-

201 2060 310 2131 ptum.“
326 2060 453 2118 Eandem
467 2079 526 2118 rem
544 2065 633 2137 tangit
645 2064 752 2120 Ascon.
768 2081 797 2135 p.
812 2068 857 2124 66.
874 2081 910 2119 v..
918 2064 940 2118 F
941 2079 1032 2134 ragm.
1046 2063 1116 2118 Hist.
1132 2061 1170 2132 ΙΙ,
1186 2066 1230 2118 61.
1247 2089 1286 2100 -

203 2143 244 2198 De
259 2143 292 2205 L.
310 2144 411 2204 Sicinio
426 2164 452 2204 6.
469 2152 513 2208 76.
529 2166 555 2204 6.
574 2148 637 2208 Chr.
653 2167 682 2206 6.
698 2150 808 2206 tribuno
823 2149 915 2220 plebis
929 2167 957 2204 v.
978 2146 1015 2202 ad
1029 2147 1050 2202 F
1052 2163 1140 2218 ragm.
1154 2145 1188 2212 ΙΙ,
1202 2148 1247 2206 42.
1259 2151 1286 2200 et

203 2232 249 2290 46.
263 2237 291 2285 et
306 2231 342 2288 ct.
359 2230 418 2289 Cic.
433 2232 558 2290 Divinat.
576 2235 605 2289 in
620 2235 653 2304 0.
670 2233 754 2292 Caec.
769 2239 801 2302 3,
816 2239 844 2294 8.
866 2232 1037 2289 Iudiciorum
1050 2229 1184 2288 auidam
1200 2231 1285 2288 tribu

203 2316 277 2371 num
288 2323 412 2389 potestas
429 2317 582 2391 efflupitatu
596 2326 651 2382 cst,-
666 2321 712 2376 ubi
725 2318 869 2377 Asconius
884 2335 913 2390 p.
931 2322 992 2378 loe.
1008 2317 1093 2374 Orell.
1108 2315 1228 2382 Primus,
1248 2316 1285 2370 in-

203 2400 275 2472 quit,
291 2400 410 2459 Sicinius
422 2403 547 2460 tribunus
565 2404 668 2476 plebis,
686 2419 737 2460 nec
757 2405 839 2460 mutto
852 2408 919 2476 post
942 2401 1080 2472 06161166,
1105 2408 1131 2456 et
1145 2405 1286 2472 postremo

202 2484 354 2542 Palicanus
370 2487 569 2559 perfecerant,
585 2495 616 2545 ut
628 2489 801 2552 tribumiciam
809 2492 971 2560 pomsmtem
984 2487 1091 2559 popiola
1106 2485 1205 2541 darent
1220 2501 1286 2542 con-

203 2571 277 2624 sules
295 2569 342 2628 Cn.
359 2571 508 2643 Pompeius
520 2571 642 2646 Magnus
656 2580 682 2630 et
692 2572 733 2629 M.
749 2574 871 2630 Licinius
887 2573 1013 2630 0666616.
1027 2599 1071 2615 -
1084 2571 1287 2628 cummianus

207 2660 271 2710 erat
290 2654 455 2712 Gerlachius
469 2657 534 2712 Vol.
555 2657 608 2727 ΙΙΙ,
630 2674 659 2729 p.
680 2661 723 2718 94.
743 2659 871 2731 imperite
887 2657 1009 2730 explieat
1030 2657 1135 2714 accisus
1156 2661 1231 2724 erat,
1250 2658 1293 2714 let

205 2743 297 2794 eiures
316 2741 459 2798 remittens
476 2741 514 2797 ad
524 2759 552 2814 p.
569 2748 610 2802 16.
626 2744 673 2800 ubi
689 2743 762 2800 haec
777 2744 905 2815 scripsit:
919 2741 1062 2812 „Sicinius
1077 2740 1211 2797 libertatis
1220 2757 1287 2812 poe-

206 2838 257 2879 nas
274 2823 362 2880 dedit.
390 2826 478 2883 Paulo
496 2832 562 2898 post
577 2828 651 2884 enim
674 2831 766 2886 subita
786 2835 875 2884 morte
897 2828 1051 2884 exstimtus
1072 2831 1131 2894 est;
1154 2825 1286 2882 facinoris

204 2909 312 2964 invidia
334 2918 467 2968 oneratur
483 2910 595 2968 Curio.“
620 2913 706 2970 Haec
723 2931 891 2986 quamquam
906 2927 984 2970 mera
999 2912 1109 2968 somnia
1124 2916 1201 2979 sunt,
1213 2917 1288 2966 16616

204 3000 297 3048 tamen
313 3003 357 3052 est
372 2994 536 3054 Gerlachius
552 2997 741 3070 impudentia,
758 3004 789 3056 ut
812 3000 890 3056 talsis
911 2996 1077 3054 testimoniis
1099 2996 1218 3050 lectores
1239 2994 1288 3050 de-

205 3080 299 3149 cipere
315 3097 371 3134 non
384 3081 504 3151 dubitet,
523 3082 632 3158 addens
647 3084 747 3156 confer
762 3100 802 3138 or.
820 3084 859 3139 M.
882 3083 970 3138 Licin.
988 3080 1057 3139 Sall.
1070 3080 1091 3136 F
1093 3096 1182 3152 ragm.
1198 3085 1225 3148 3,
1242 3086 1286 3139 91.

203 3169 235 3231 2,
251 3169 297 3222 35.
316 3166 379 3220 Val.
402 3167 478 3222 Max.
503 3167 558 3236 IX,
579 3172 622 3228 14.
645 3174 672 3226 5.
694 3167 802 3224 Α6666.
822 3167 938 3222 Pedian.
957 3167 986 3222 in
1004 3167 1126 3222 Divinat.
1141 3182 1170 3237 p.
1186 3167 1229 3223 19.
1246 3195 1287 3206 -

204 3249 304 3320 quibus
324 3251 445 3308 lucisne
466 3253 577 3325 syllaba
599 3251 713 3324 quidem
730 3251 766 3306 de
787 3252 878 3308 subita
900 3251 999 3318 Siciuii
1021 3257 1110 3307 morte
1131 3266 1148 3304 a
1167 3247 1286 3306 Curione

203 3333 362 3392 machinata
384 3337 493 3408 legitur.
523 3335 637 3392 Scilicet
661 3335 715 3390 hoc
739 3341 783 3392 est
807 3335 972 3398 historicum
994 3332 1075 3392 esse!
1113 3335 1285 3392 Circumven-

203 3424 247 3472 tus
261 3418 307 3474 hic
322 3420 462 3492 significat
474 3434 645 3492 oppressus,
663 3421 682 3476 i.
696 3437 721 3475 e.
743 3421 772 3478 vi
793 3427 822 3478 61
838 3422 920 3478 malis
946 3421 1051 3477 artibus
1071 3421 1227 3487 coercitum
1249 3421 1286 3475 61.

204 3501 284 3558 Catil.
303 3505 409 3572 XXXI,
425 3510 453 3564 9.
469 3504 602 3571 Quoniam
616 3505 724 3577 quidem
739 3509 1005 3563 circumuentus
1020 3505 1055 3560 ab
1069 3507 1184 3560 inuuici's
1197 3520 1285 3576 prac-

202 3602 269 3660 6666
282 3606 360 3660 aper.
377 3591 413 3644 ib.
430 3590 478 3657 Ll,
499 3592 541 3646 to.
565 3589 788 3648 circumveni
795 3594 830 3646 ri
847 3595 1003 3648 innocentes
1023 3603 1147 3662 coepere.
1175 3590 1285 3662 Fragor.

205 3673 231 3740 Ι,
250 3677 300 3741 46,
317 3680 341 3730 1.
357 3673 498 3740 iniuriae,
515 3690 554 3727 sc.
570 3677 604 3730 ab
620 3676 673 3731 illis
688 3677 770 3732 vobis
786 3678 889 3732 illatae.
903 3676 999 3730 Verba
1013 3692 1096 3747 quam
1107 3689 1153 3732 uos
1169 3677 1288 3732 inierim

200 3764 363 3828 pertaesum
378 3762 420 3810 611
435 3756 521 3812 Arus-
536 3775 564 3828 p·
581 3764 643 3818 253.
660 3761 740 3817 Lind.
761 3761 857 3818 laudat
872 3777 908 3816 ex
923 3760 991 3816 Hist
1005 3760 1052 3815 ΙΙΙ.

291 3844 318 3905 S.
333 3845 450 3900 9—10.
472 3856 549 3914 spem
562 3843 672 3915 [remma
689 3846 792 3918 fuisse)
809 3863 849 3902 so.
867 3850 1006 3913 vestram,
1024 3844 1067 3900 ius
1090 3844 1171 3900 vobis
1193 3843 1288 3900 reddi-

205 3929 260 3978 tum
284 3926 327 3979 iri.
350 3953 393 3964 -·—
421 3925 561 3986 Tumultus
583 3935 626 3985 est
647 3931 761 4002 Lepidi,
787 3931 823 3986 de
845 3948 899 4002 quo
923 3934 1015 3987 actum
1036 3929 1105 3984 libro
1126 3929 1224 3999 primo.
1245 3959 1288 3970 -

203 4008 298 4062 Verba
314 4007 350 4062 ad
368 4012 480 4068 audium
502 4030 587 4086 usque
607 4017 722 4072 16666116
741 4015 845 4071 tribum
862 4017 952 4072 Faber
974 4015 1047 4070 talso
1062 4014 1148 4070 reiert
1163 4010 1200 4070 ad
1218 4011 1288 4070 Sici-

204 4092 296 4161 nium,
313 4093 379 4164 quia
394 4095 418 4152 is
433 4102 459 4166 5.
473 4103 500 4160 6.
516 4102 716 4156 commaculas
732 4099 852 4157 dicatur.
868 4101 919 4158 llic
936 4099 1010 4154 enirn
1028 4101 1118 4171 agitur
1134 4098 1169 4154 de
1178 4097 1210 4167 Q.
1225 4098 1286 4171 Opi·

203 4179 270 4245 mio,
288 4195 405 4236 suasore
422 4184 493 4256 legis
510 4185 652 4253 Α6661166,
662 4202 717 4240 666
732 4185 885 4255 interiecto,
893 4184 945 4242 sed
955 4185 1094 4242 malitiosa
1109 4182 1289 4246 adversario·

203 4278 264 4340 rum
280 4266 458 4324 accusatione
475 4269 608 4344 dignitate
625 4286 659 4328 66
673 4271 755 4330 bouis
770 4286 881 4332 everso.
897 4270 933 4326 V.
946 4267 1181 4348 udFragm.Hist.
1197 4268 1229 4337 ΙΙ,
1241 4276 1287 4334 51.
