3098 4970
447 423 697 522 ulsroltlnuurn
717 425 954 486 FRAGMENTA.
993 427 1065 510 ⁴LIB.
1084 427 1106 486 Ι.
1278 417 1321 488 89

233 608 339 704 primo
364 633 425 702 per
444 609 701 705 ignobilitatem,
724 611 842 684 deinde
866 633 927 706 per
953 612 1109 688 invidiam
1122 615 1323 709 scriptorum

234 736 433 808 incelebrata
449 739 543 824 sunt,
566 759 651 831 quae
673 736 774 808 vivus
799 738 883 812 tecle
908 761 970 812 sua
990 733 1177 813 ostentabat
1198 741 1323 837 aliquot
1406 774 1443 794 ν’

234 862 388 936 advorsis
417 861 621 936 cicatricibus
642 865 676 934 et
702 863 828 936 effosso
851 865 959 936 oculo.
998 864 1072 952 Quo
1093 863 1149 938 ille
1171 867 1323 942 dehone-

236 1107 355 1161 iortasse
371 1104 497 1162 Sallustii
507 1107 639 1178 exemplo
654 1105 724 1162 dixit
734 1105 821 1162 Tacit.
837 1105 913 1161 Ann.
929 1106 978 1174 Vl,
993 1109 1018 1174 7,
1034 1111 1060 1164 5.
1092 1103 1176 1162 Nobis
1186 1107 1324 1180 pleraque

235 1191 319 1264 diocte
333 1193 440 1264 copnitn
455 1191 601 1259 obvenere,
617 1208 783 1264 quamquam
798 1191 833 1246 ab
850 1192 912 1246 cleb
928 1189 1165 1246 incelebrata.
1199 1192 1322 1265 Scripto-

237 1292 297 1343 res,
321 1293 392 1348 quos
413 1275 538 1332 invidiae
557 1279 649 1348 arguit
670 1277 834 1344 Sallustius,
858 1275 1039 1332 hauddubie
1060 1275 1235 1348 intelligendi
1257 1284 1323 1333 sunt

236 1361 370 1429 Sisenna,
388 1361 483 1418 Sullae
498 1362 707 1434 nobilitatisque
721 1362 848 1433 partibus
866 1361 1010 1426 addictus,
1027 1377 1060 1416 ac
1077 1360 1157 1418 Sulla
1172 1363 1242 1433 ipse,
1258 1360 1322 1418 Ser-

236 1447 306 1502 torio
322 1447 513 1502 invisissimus
530 1448 612 1517 eique
625 1446 747 1502 maxime
764 1448 898 1512 infestus,
914 1461 1032 1515 quorum
1045 1444 1092 1501 hic
1108 1449 1137 1502 in
1152 1453 1322 1503 commenta-

236 1531 284 1586 riis
301 1530 337 1586 de
354 1533 412 1586 vlta
436 1548 503 1600 sua,
524 1532 570 1586 ille
592 1533 620 1586 in
635 1529 753 1586 historia
773 1531 838 1588 belli
855 1529 968 1585 ltlarsici
989 1535 1016 1584 et
1037 1530 1130 1586 civilis
1152 1530 1188 1585 de
1205 1530 1321 1588 Sertorii

235 1619 318 1672 rebus
335 1622 448 1672 strenue
463 1617 552 1688 gestis
567 1618 614 1672 vel
627 1617 712 1688 plane
729 1617 856 1686 siluisse,
879 1616 925 1670 vel
938 1631 1039 1686 pamm
1056 1607 1164 1671 dixisde
1179 1615 1321 1674 videntur.

235 1701 382 1756 lnieliciter
405 1703 489 1773 igitur
504 1702 616 1774 Lipsius
640 1702 667 1756 in
688 1702 786 1772 Epistt.
805 1702 932 1769 Quaestt.
953 1701 1007 1770 lV,
1029 1704 1071 1760 14.
1087 1719 1115 1773 p·
1130 1705 1192 1762 296·
1209 1702 1276 1772 (ed.
1294 1719 1321 1759 a.

235 1787 568 1859 instrumentorum
582 1787 710 1856 coniecit,
726 1787 863 1842 invidiam
878 1787 1047 1858 intelligens,
1067 1803 1122 1860 qua
1135 1787 1164 1842 hi
1180 1787 1257 1859 apud
1272 1788 1322 1844 ho·

235 1873 324 1927 mines
341 1873 541 1928 laboraverint.
567 1872 707 1944 Deinceps
724 1872 931 1928 absurdissima
946 1871 1138 1943 est'scriptura
1153 1872 1181 1926 in
1196 1861 1322 1929 Sallustii

195 1995 196 1998 ,
235 1956 405 2012 editionibus
417 1959 546 2029 vulgata:
564 1958 759 2014 Comminus
780 1957 913 2029 faciem
934 1971 1033 2012 snum
1049 1958 1209 2025 maculabat,
1236 1973 1321 2029 quam

237 2041 400 2098 Gerlachius
414 2044 442 2097 in
455 2043 503 2096 cd.
517 2042 583 2096 mai.
596 2048 739 2114 receptam
754 2044 855 2098 trustra
870 2040 975 2102 studuit
986 2041 1155 2112 explicando
1171 2044 1252 2097 tueri.
1267 2043 1321 2098 Ne-

236 2143 290 2197 que
303 2127 376 2181 enirn
390 2143 490 2182 verum
503 2133 546 2182 est
558 2126 662 2198 sociem
670 2132 807 2184 orwntore
815 2143 881 2180 esse
894 2124 971 2196 secie
983 2127 1108 2197 nteriori,
1122 2141 1212 2197 neque
1225 2127 1321 2184 docuit

237 2211 272 2266 V.
290 2211 324 2266 D.
344 2211 391 2281 qui
415 2227 506 2266 nexus
527 2210 563 2265 sit
581 2210 683 2266 horum
704 2211 855 2266 verborum
878 2225 942 2264 cum
962 2209 1208 2279 antecedentibus,
1231 2229 1322 2282 neque

237 2295 364 2365 quidsibi
380 2297 449 2350 velit
463 2297 623 2350 comminus.
639 2297 682 2350 Ex
696 2296 784 2350 altera
795 2299 874 2365 parte
891 2293 998 2362 melior,
1010 2293 1062 2348 sed
1077 2311 1113 2349 ex
1132 2296 1321 2367 alternaeque

235 2379 361 2436 absurda
375 2385 418 2434 est
437 2380 519 2436 lectio
536 2396 554 2434 a
572 2379 715 2436 Gronovio
734 2385 761 2434 el
774 2379 860 2436 Lione
876 2377 905 2432 in
923 2378 1012 2434 Gellio
1028 2377 1167 2451 expressa
1182 2385 1210 2434 et
1225 2397 1242 2434 a
1257 2380 1324 2436 Ger-

235 2464 331 2520 lachio
347 2465 376 2519 in
392 2463 438 2520 ed.
452 2465 519 2520 min.
536 2471 651 2538 recepta
662 2479 752 2540 quoe
766 2467 901 2522 eminus
913 2463 992 2535 sacre
1005 2479 1058 2520 suu
1073 2463 1225 2520 ostentabat
1231 2486 1241 2526 ,·
1258 2482 1323 2522 nam

235 2556 264 2604 ut
285 2551 404 2607 relativo
428 2552 533 2624 pariter
555 2557 638 2622 atque
655 2551 779 2607 ablativo
801 2549 940 2606 sententia
955 2550 1024 2605 satis
1039 2551 1114 2606 bona
1128 2548 1262 2620 eflicitur,
1285 2552 1324 2607 ite

234 2637 339 2692 emim
351 2652 422 2693 sano
436 2653 522 2694 sensu
532 2636 617 2708 plane
629 2643 716 2693 earet.
742 2637 843 2691 ltlirum
856 2639 949 2690 autem
961 2635 1067 2690 nullum
1078 2635 1174 2691 adhuc
1187 2633 1324 2693 editorem

234 2720 343 2776 vidisse
359 2722 498 2794 integram
520 2723 687 2794 scripturam
708 2739 778 2788 esse,
790 2735 862 2794 qum
881 2722 970 2789 cons,
990 2735 1062 2792 quae
1081 2720 1130 2775 vix
1149 2719 1266 2776 diversa
1282 2728 1325 2777 est

234 2822 251 2860 a
272 2805 393 2862 lectione
413 2812 482 2878 optt.
504 2806 589 2861 codd.
611 2821 663 2878 que
683 2809 773 2876 mone,
797 2806 871 2861 unde
890 2810 984 2862 natum
1006 2805 1035 2859 in
1051 2805 1237 2861 deterioribus
1253 2821 1325 2879 qnae

234 2885 354 2956 eminus,
373 2891 401 2944 in
417 2891 480 2946 aliis
496 2892 619 2946 commus
627 2913 636 2952 ,-
651 2906 734 2961 quam
749 2891 916 2962 priusquam
931 2890 1113 2961 explicemus,
1131 2889 1167 2945 de
1182 2891 1324 2963 interpun-

233 2975 326 3030 ctione
342 2973 494 3030 dicendum
510 2978 562 3028 est.
596 2974 667 3029 Nam
685 2985 758 3045 quae
779 2975 807 3028 in
823 2974 954 3028 omnibus
972 2972 1038 3028 edd.
1054 2989 1204 3046 perperam
1221 2975 1249 3030 in
1267 2981 1324 3032 tres

118 3105 120 3108 .
231 3064 328 3133 partes
345 3059 531 3126 divelluntur,
553 3063 657 3130 puncto
674 3063 780 3129 etpost
795 3056 852 3128 suit
865 3063 893 3111 et
907 3062 972 3128 post
986 3063 1051 3112 sunt
1065 3059 1172 3129 posito,
1196 3059 1225 3112 in
1240 3075 1324 3115 unam

168 3149 178 3156 '
233 3147 385 3200 verborum
397 3143 633 3216 complexionem,
649 3145 761 3216 qualem
774 3141 963 3208 exhibuimus,
980 3140 1056 3194 coire
1068 3141 1172 3196 debere
1187 3142 1250 3212 ipsa
1262 3159 1325 3199 ver·

232 3233 329 3286 borum
346 3230 417 3286 ratio
435 3228 567 3284 ostendit.
595 3229 658 3298 Non
673 3228 806 3284 viderunt
821 3228 896 3283 enirn
907 3224 1031 3280 editores
1047 3239 1099 3297 qne
1109 3225 1249 3298 particula
1264 3243 1325 3282 rem

126 3311 127 3314 ’
232 3315 412 3387 praecedenti
429 3315 599 3370 contrariam
614 3315 651 3370 lta
668 3313 793 3385 adiungi,
811 3319 839 3370 ut
852 3312 910 3369 vim
923 3315 950 3367 et
964 3315 1055 3366 wmen
1068 3326 1171 3366 vocum
1184 3311 1324 3382 obtineel;

233 3415 306 3470 quac
320 3400 548 3456 enunciationum
563 3397 635 3456 ratio
652 3415 737 3471 quum
753 3399 836 3454 etiam
853 3401 1168 3472 ᾳιιαηιᾳιιαω--ίανηεπ
1178 3397 1325 3468 particulis

233 3483 374 3539 declarari
394 3485 501 3556 possit,
522 3486 571 3552 (v.
594 3484 687 3540 lland.
704 3483 855 3538 Tursellin.
874 3484 939 3538 Vol.
960 3483 994 3537 ΙΙ.
1014 3499 1043 3554 p.
1060 3485 1124 3542 496.
1158 3483 1265 3555 Zumpt:
1287 3482 1326 3538 ad

233 3567 348 3637 Quintil.
365 3569 398 3638 ll,
412 3574 439 3636 5,
457 3573 501 3628 19.
518 3569 584 3624 Vol.
602 3570 638 3623 V.
653 3587 681 3642 p.
695 3568 756 3637 83.)
775 3575 876 3640 sponte
891 3567 1056 3639 intelligitur
1072 3582 1128 3623 non
1143 3574 1248 3639 puncto
1264 3584 1325 3638 eas,

233 3652 286 3710 scd
308 3657 446 3711 commate
464 3652 679 3723 distinguendas
697 3668 773 3708 esse.
811 3651 875 3710 Non
897 3653 989 3724 magis
1006 3652 1093 3709 verba
1109 3667 1180 3725 quoe
1198 3654 1325 3710 orbus-

232 3737 398 3805 ostentabat,
416 3736 481 3808 quia
496 3737 687 3793 attributivam
702 3737 839 3793 rationem
853 3738 969 3806 habent,
991 3738 1128 3794 maiorem
1145 3739 1325 3809 interpuncti-

232 3823 478 3895 onem'patiuntur.
508 3822 566 3876 lam
584 3823 669 3878 totius
684 3823 738 3878 loci
751 3840 853 3878 sensus
865 3823 911 3878 hic
926 3828 985 3878 est:
1002 3821 1144 3878 Sertorius
1157 3837 1325 3894 quamquem
1342 3830 1344 3834 ’

233 3925 339 3981 magna
353 3909 444 3981 gloria
460 3907 524 3962 trib.
539 3907 599 3961 mil.
622 3907 651 3961 in
667 3907 821 3978 Hispania,
840 3923 943 3979 magno
964 3923 1018 3962 usu
1033 3907 1107 3962 bello
1124 3907 1248 3964 Marsico
1265 3907 1325 3980 luit,

232 3999 322 4050 tomen
345 3995 448 4062 multa,
472 3997 528 4048 tum
547 3991 634 4048 ductu
649 3993 710 4049 eius
732 3998 845 4063 curata,
871 3993 961 4064 primo
982 3998 1097 4063 propter
1112 3991 1324 4063 ignobilitatem

233 4079 309 4148 eius,
332 4077 435 4134 deinde
456 4094 507 4150 per
529 4073 665 4132 invidiam
681 4068 849 4148 scriptorum
865 4077 1006 4133 oblivione
1024 4079 1124 4132 obruta
1139 4082 1245 4148 etpost
1260 4077 1323 4140 eius

233 4168 349 4220 mortem
368 4179 468 4236 parum
490 4163 604 4234 cognita
623 4167 704 4230 sunt3
728 4161 779 4217 sed
800 4163 864 4218 dum
884 4161 988 4218 umbaz
1006 4161 1104 4232 priora
1125 4161 1186 4216 eius
1209 4167 1323 4217 strenue

233 4248 307 4304 iacta
323 4249 399 4304 nulla
413 4249 580 4320 cuiusquam
596 4245 808 4319 praedicatione
823 4248 961 4319 egebant,
984 4246 1057 4301 iscie
1073 4247 1136 4318 ipsa
1150 4245 1322 4302 tortitudinis

171 4367 173 4374 ·
233 4337 314 4404 teste,
330 4335 434 4406 quippe
449 4349 522 4405 quae
538 4332 716 4394 cicatricibus
732 4337 759 4386 et
775 4331 883 4388 effosso
899 4331 982 4387 oculo
998 4331 1130 4388 notabilis
1145 4335 1231 4400 osset.
1256 4330 1323 4386 Pro·
