3062 4958
445 377 694 438 HISTORIARUM
715 377 951 437 FRAGMENTA.
995 379 1061 434 LlB.
1082 379 1126 433 lii.
1261 371 1325 442 lot)

239 587 405 636 ...nos
430 565 593 640 aediliciis
615 619 624 636 .
649 616 658 636 .
684 619 692 636 .
720 567 859 639 Elium
890 569 1022 639 matura
1050 569 1083 636 iu
1108 569 1211 657 apris,
1230 568 1324 634 erant

239 694 580 785 autumi-frumenta.
623 692 691 764 Sed
715 693 840 764 incolae
854 695 957 786 pleno
984 692 1038 762 die
1060 691 1156 784 gnari
1179 713 1223 762 ex
1240 694 1325 783 supa

234 819 461 907 fimluruorum
484 818 641 910 fugitiuos
666 822 714 890 ud
736 844 773 890 ee
798 819 1007 890 adventare.
1029 869 1065 888 ..
1094 816 1299 888 omuibus..

236 1055 308 1126 ficiis
327 1071 422 1116 verum
439 1058 608 1130 scripturam
623 1075 705 1128 esse,
729 1059 780 1116 sed
795 1059 863 1132 quid
877 1077 912 1114 eo
928 1059 1031 1127 luoias,
1054 1057 1167 1134 dillioile
1184 1058 1260 1116 motu
1273 1067 1324 1116 est.

238 1168 282 1184 --
299 1142 407 1200 ..NOS
423 1144 576 1215 syllabam,
598 1145 767 1216 quamolirn
782 1162 818 1200 ex
838 1146 962 1200 domums
986 1144 1160 1200 substantivo
1181 1143 1324 1202 residuam

239 1234 505 1298 putaveram‚,nuno
527 1235 633 1300 partem
652 1231 762 1286 eoloooa
777 1231 857 1288 voois
871 1247 936 1309 essse
954 1227 1059 1288 iudioo.
1090 1229 1160 1284 Nam
1176 1229 1211 1286 de
1231 1231 1265 1286 iis
1284 1229 1324 1286 di-

240 1318 315 1366 etum
331 1301 403 1368 ¹esse
419 1320 448 1370 ut
463 1313 586 1383 credam,
605 1316 671 1372 tacit
688 1332 744 1370 uon
758 1315 843 1374 modo
860 1316 952 1388 canapi
965 1313 1078 1380 mentio,
1095 1312 1147 1370 seu
1163 1316 1245 1372 etiam
1256 1332 1322 1386 pro·v

240 1397 438 1466 ainamma,
468 1415 539 1469 quae
562 1415 620 1455 non
644 1401 697 1456 nisi
719 1407 849 1473 respectu
876 1401 1039 1462 colonorum
1063 1395 1159 1454 addita
1183 1399 1323 1464 videntur.

242 1481 334 1548 Quare
353 1496 409 1538 non
421 1499 538 1554 possum
550 1484 709 1557 Kreyssigii
725 1486 890 1542 sententiam
902 1485 1033 1556 probare,
1043 1482 1092 1553 qui
1108 1481 1324 1543 reoondiliorem

241 1568 428 1638 corruptelam
446 1570 565 1626 subesse
581 1577 658 1626 ratus
670 1571 806 1629 coniecit:
837 1573 872 1626 in
893 1584 991 1641 compo
1011 1569 1089 1624 eolis
1106 1585 1237 1640 nequo,
1262 1569 1326 1626 sed

240 1651 373 1722 aedificiis
387 1667 507 1708 saeuo.
524 1681 562 1702 -w
578 1655 699 1712 Felioius
713 1656 789 1712 idem
805 1663 832 1710 et
845 1671 963 1727 prorsus
980 1653 1097 1725 egregie
1113 1655 1270 1725 sequentia,
1294 1671 1323 1710 v.

240 1739 360 1806 11-16,
378 1735 536 1794 ..ETTUM
550 1730 563 1818 ΙΙ
580 1739 658 1796 ΜΑΤ
669 1779 821 1797 .........
831 1739 975 1798 SERANT
990 1729 1004 1818 ΙΙ
1019 1735 1092 1794 AUT
1103 1775 1239 1796 ........
1247 1739 1323 1796 ΝΤΑ

240 1823 352 1878 sanavit
367 1822 532 1894 reponendo
546 1829 573 1880 et
585 1830 641 1880 tum
655 1831 785 1884 motura
799 1829 835 1882 iu
849 1828 948 1900 aprio
963 1829 1046 1879 eram
1058 1827 1221 1880 auctumni
1239 1824 1323 1896 fru-

239 1912 346 1964 mento.
390 1907 624 1966 Emendationem
637 1928 689 1984 per
709 1929 742 1968 se
756 1913 941 1968 certissimam
957 1908 1103 1968 coufirmat
1120 1910 1324 1981 Porphyrionis

241 1992 438 2063 testimonium,
453 1996 501 2066 qui
519 1994 556 2050 ad
572 1997 669 2052 horat.
683 1997 756 2069 Epp.
770 1997 803 2066 11,
819 2005 845 2068 l,
863 2001 922 2058 1111.
938 1993 1083 2052 annotavit
1102 1997 1247 2063 ‚nummi
1257 1996 1323 2068 sru-

165 2087 168 2094 ’
239 2084 330 2132 mento
351 2077 503 2136 Sallustius
522 2079 621 2137 diuit.“
643 2081 719 2138 liaeo
735 2083 900 2138 Gerlaehius
919 2083 980 2136 Vol.
995 2079 1040 2138 111.
1056 2095 1086 2149 p.
1102 2082 1162 2140 146.
1178 2081 1324 2152 negligen-

240 2163 359 2230 tissime,
369 2166 762 2238 utsotetnovtslragmenus
774 2175 915 2236 accenset,
923 2165 969 2221 his
978 2162 1072 2220 verbis
1084 2177 1169 2220 usus:
1187 2163 1324 2234 ‚‚Vide(!)

241 2263 287 2318 ap.
302 2248 442 2320 Porphyr.
460 2247 579 2304 adilae.
597 2250 649 2320 Ep.
666 2251 686 2319 1,
703 2258 746 2320 lo,
757 2256 802 2318 to.
831 2251 889 2310 Sed
906 2251 942 2306 ibi
958 2250 1030 2306 haee
1050 2264 1107 2302 non
1123 2247 1323 2319 exsano‘ou

241 2330 299 2388 Sed
315 2333 415 2402 puerili
429 2335 513 2404 plane
528 2335 660 2390 socordia
674 2335 774 2392 eadem
791 2337 819 2390 in
835 2335 881 2392 ed.
897 2336 964 2392 min.
979 2334 1034 2390 hoo
1048 2334 1109 2403 ipso
1124 2335 1197 2402 loeo,
1212 2335 1323 2406 ¹Kreus-

240 2417 343 2488 sigium
361 2425 484 2487 secutus,
501 2419 621 2488 extruet,
647 2426 675 2476 et
688 2421 868 2480 nihilominus
883 2440 912 2494 p.
929 2424 990 2488 110,
1011 2424 1037 2478 4.
1061 2418 1133 2474 inter
1148 2418 1261 2476 Incerto
1281 2437 1323 2474 re-

241 2501 300 2570 fert,
317 2504 411 2574 inepta
427 2505 491 2573 looi,
509 2505 583 2562 unde
598 2521 632 2560 ea
645 2507 897 2577 petiissesimulat,
917 2503 1121 2582 significatione
1139 2504 1236 2562 addila
1251 2504 1320 2562 hae:

182 2607 186 2611 ·
240 2587 325 2657 „lion
339 2588 390 2661 Ep.
409 2589 512 2662 Porph.
529 2590 551 2646 1.
566 2589 600 2648 Χ.
616 2588 713 2650 tout!
757 2593 832 2650 Haeo
852 2599 935 2666 atque
951 2593 1017 2648 talia
1032 2591 1178 2650 cuiusnam
1195 2589 1323 2648 tarinae?

326 2668 383 2730 Sed
399 2676 519 2743 antae)
550 2675 621 2733 Cod.
636 2677 700 2733 Vel.
713 2675 843 2734 SEIthC
856 2717 863 2733 .
874 2718 881 2733 .
892 2693 917 2746 .;
934 2673 1103 2734 Niebuhrius
1119 2673 1266 2734 SEDiNO..
1277 2707 1319 2718 -

238 2756 432 2830 Kreyssigius,
450 2760 517 2818 Maii
532 2761 681 2820 lectionem
696 2769 824 2831 seoutus‚'
839 2765 867 2820 iu
887 2763 907 2820 C
927 2764 1018 2818 littera
1036 2761 1146 2816 initium
1159 2763 1260 2818 castro
1274 2779 1324 2818 vo·

192 2881 194 2884 -
239 2843 330 2896 oabuli
352 2845 496 2914 agnoseit,
521 2845 597 2915 quod
618 2847 698 2900 nobis
721 2863 833 2920 quoque
855 2850 920 2904 olim
938 2849 1029 2914 uisum
1052 2851 1104 2900 est.
1150 2845 1208 2902 Sed
1223 2849 1325 2904 caetris

239 2925 308 2981 nihil
322 2926 369 2982 hio
384 2928 439 2982 loei
455 2945 520 2984 esse
536 2935 637 3000 potest,
654 2932 786 3000 quoniam
802 2939 829 2987 et
840 2932 967 3001 Romani,
984 2931 1111 3002 aquibus
1128 2932 1201 2989 olam
1216 2931 1323 2988 disces·

239 3017 316 3066 serat
328 3009 492 3082 Spartacus,
509 3015 593 3086 longe
609 3016 740 3083 aberant,
766 3032 858 3086 neque
872 3015 1024 3088 Spartacus
1046 3017 1107 3086 ipse
1124 3023 1218 3074 eastra
1235 3017 1321 3074 habe·

238 3096 294 3163 bal,
315 3097 419 3169 quippe
442 3099 489 3168 qui
503 3098 588 3154 modo
602 3100 637 3154 in
654 3100 732 3156 illum
747 3117 877 3172 eampum
895 3100 1068 3158 advenisset.
1113 3099 1206 3168 Quare
1221 3104 1322 3172 proba·

238 3180 321 3237 bilius
337 3188 468 3253 putamus
482 3182 542 3239 INC
560 3185 666 3242 litteras
687 3186 794 3244 initium
817 3202 882 3242 esse
906 3187 986 3244 voois
1003 3186 1124 3252 buculae,
1150 3187 1198 3257 qui
1219 3188 1322 3242 comm

237 3266 379 3340 oscampo
401 3268 523 3339 oppositi
539 3269 615 3326 domi
639 3270 675 3326 de
696 3269 821 3326 adventu
843 3271 1024 3344 lugitivorum
1045 3276 1259 3342 cognoscerent.
1280 3299 1322 3332 .-
1360 3337 1365 3349 ,

237 3350 331 3409 Versu
357 3356 484 3414 17-18
511 3358 663 3412 verborum
692 3342 825 3428 reliquias
854 3399 861 3412 .
878 3356 1085 3414 ‚NODIEGNA
1100 3346 1113 3434 ΙΙ
1127 3355 1236 3412 RIEXF
1249 3393 1275 3412 ,.
1290 3395 1319 3410 ..

237 3435 421 3511 Kreyssigius
437 3441 563 3512 explevit
577 3458 661 3497 nono
676 3442 720 3498 die
732 3443 818 3514 puori
831 3457 869 3498 eo:
883 3442 982 3516 supa.
1021 3441 1103 3510 Quod
1119 3442 1218 3500 olima
1238 3442 1319 3498 nobis

236 3525 384 3590 probatum
404 3539 478 3580 nuno
504 3525 552 3580 ita·
569 3526 764 3598 retingendum
790 3533 937 3598 putamus,
959 3532 989 3583 ut
1011 3543 1062 3599 pro
1088 3543 1160 3584 nouo
1185 3529 1322 3585 scribatur

230 3607 325 3677 plano,
340 3625 435 3680 quum,
451 3625 523 3680 quae
538 3613 605 3668 noui
615 3609 737 3672 ¹dieivis
749 3613 800 3680 sit,
823 3629 880 3668 non
896 3613 1077 3685 intelligatur,
1093 3615 1208 3685 punam
1229 3620 1321 3671 autem

236 3691 307 3748 mom
321 3694 426 3764 opponi
441 3689 678 3764 praecedentibus
697 3699 791 3768 primo
806 3714 869 3754 eum
882 3699 944 3754 luce
966 3699 1015 3760 vix
1032 3697 1150 3754 dubitari
1166 3702 1265 3769 possit.
1280 3727 1323 3740 -·-

236 3775 482 3848 Insequentibus,
505 3795 592 3836 versu
613 3785 749 3856 18-19,
773 3781 982 3842 ...UMORUM
997 3774 1010 3862 Η
1024 3782 1106 3840 FUGi
1118 3823 1319 3840 ...........
1365 3767 1369 3775 ’

236 3861 359 3918 UENTA
373 3855 386 3940 Η
401 3863 436 3918 R.
447 3879 545 3920 rursus
559 3865 726 3936 Kreyssigio
737 3868 895 3923 maximam
907 3874 1014 3938 partem
1033 3868 1236 3938 adstipulamur
1256 3885 1323 3940 sup,-

235 3947 561 4022 plentizjfinitumomm
579 3949 737 4022 fuqiltoos
749 3953 920 4008 uomere.
958 3949 1016 4010 Sed
1026 3969 1116 4024 quum
1131 3953 1160 4008 in
1177 3969 1261 4010 versu
1278 3958 1320 4012 lu.

235 4031 336 4088 laeuna
350 4034 441 4088 maio'r
456 4035 501 4099 sit,
521 4049 603 4104 quam
623 4051 694 4106 quae
710 4042 818 4106 septem
836 4037 937 4112 litteris
951 4038 1112 4108 expleatur,
1140 4038 1320 4092 inserendum

236 4118 397 4184 putavimus
412 4118 452 4172 ool
467 4132 512 4186 se,
536 4118 614 4190 quod
630 4118 667 4174 ad
685 4123 849 4178 sententiam
866 4139 922 4176 non
937 4119 1145 4178 incommodum
1159 4124 1263 4184 iustum
1279 4123 1321 4176 lit-

236 4205 358 4260 teratum
372 4217 520 4262 numerum
535 4204 664 4276 complet.
710 4202 837 4264 Ceterum
856 4209 964 4281 paors·
975 4221 1020 4264 eo
1035 4204 1121 4279 supa
1132 4208 1320 4279 fiaimmorum

236 4282 377 4354 signifieat
393 4303 476 4360 mma
490 4301 529 4346 eo
539 4287 610 4362 lupo
622 4287 800 4361 finitimorum
818 4289 1029 4360 oenomao,
1051 4287 1126 4350 unde
1146 4293 1260 4364 planum
1277 4297 1321 4348 est
