3098 4970
450 387 699 449 lllSTORlAllll'bl
719 389 953 450 FRAGMENTA.
997 393 1062 450 LlB.
1084 393 1105 450 1.
1271 387 1333 454 1⁰1

173 673 178 683 “
241 577 276 646 in
301 577 428 652 terrore
443 574 546 663 solet,
570 576 706 671 generis
734 579 791 648 aut
815 575 931 669 imperi
957 575 1160 664 discrimine,
1186 599 1246 670 per
1269 601 1330 649 ca-

242 701 355 772 lonum
381 723 523 794 corpora
549 703 591 773 ad
617 703 760 774 medium
786 703 898 798 quasi,
925 701 1001 774 dein
1017 713 1129 796 'snper
1155 701 1331 810 astantium

242 825 393 898 manibus
416 826 452 898 in
476 848 606 899 munim
632 825 801 900 attollitur.

242 1073 287 1128 ao.
303 1071 331 1122 et
350 1065 598 1142 x11‚48.p.5ao,
618 1075 664 1132 3⁰.
679 1071 816 1141 Meroen,
835 1069 888 1128 ssd
898 1071 996 1125 neutro
1008 1068 1072 1124 loco
1089 1069 1157 1124 satis
1172 1029 1331 1126 emendate.
1363 1121 1369 1138 ,

242 1153 295 1208 Pro
301 1155 394 1224 portis
410 1155 484 1210 enim
495 1157 591 1228 priore
602 1158 665 1212 loco
686 1161 729 1214 est
740 1156 833 1230 fortiis,
855 1157 942 1212 altero
949 1153 1044 1226 parm
1060 1152 1108 1209 vel
1122 1152 1245 1226 Partlra'e,
1259 1171 1332 1226 quae

110 1232 113 1246 ’
158 1261 159 1266 ¹
242 1237 384 1294 scribendi
401 1239 470 1296 vitia
485 1239 608 1298 editores
624 1241 731 1310 dudum
748 1246 942 1298 correxerunt.
975 1237 1044 1292 Tum
1060 1238 1089 1292 in
1104 1238 1151 1293 lib.
1166 1237 1227 1294 ΙΙΙΙ.
1245 1241 1330 1312 vulgo

242 1323 343 1394 legitur
356 1323 464 1380 turbam
484 1327 642 1388 acanthum
659 1327 712 1382 sed
729 1327 793 1384 cod.
811 1327 902 1382 Paris.
918 1327 955 1380 Α.
975 1323 1170 1392 utroqueloco
1190 1328 1265 1380 recte
1281 1324 1331 1380 ba-

240 1408 287 1462 bet
302 1407 383 1462 turbe
396 1397 576 1480 marantius,
591 1410 647 1466 hoc
662 1425 766 1468 sensu:
783 1427 868 1483 quum
889 1414 988 1482 portae
1005 1421 1114 1462 moram
1129 1407 1255 1464 lacerent
1274 1403 1330 1485 (sc.

243 1492 327 1564 lagae
350 1492 396 1548 vel
415 1496 554 1568 receptui)
570 1499 692 1569 propter
710 1495 819 1554 turbam
840 1511 881 1550 sc.
903 1495 932 1549 in
954 1495 1075 1563 angusto
1093 1490 1208 1548 introitu
1230 1499 1330 1548 ortam.

183 1617 188 1622 -
243 1575 367 1650 Sallustii
386 1578 511 1636 editores
527 1583 586 1638 lere
601 1597 698 1638 onmes
717 1582 894 1654 scripserunt
909 1577 1050 1634 turbam
1061 1576 1238 1645 maenibus,
1255 1577 1331 1650 quod

242 1657 299 1716 non
318 1663 409 1720 solum
431 1664 561 1722 codicum
576 1668 733 1724 auctoritati
750 1669 904 1739 repugnat,
928 1662 980 1718 sed
996 1661 1199 1716 alienissimam
1218 1668 1332 1718 senten-

242 1747 310 1801 tiam
324 1744 409 1802 habet
424 1765 458 1806 ac
473 1751 524 1807 vix
541 1751 627 1806 latine
651 1751 707 1808 dici
725 1755 832 1824 potest3
863 1765 929 1806 nam
959 1763 1044 1820 quum
1063 1746 1109 1802 iis·
1123 1750 1229 1802 tantum
1252 1763 1332 1802 mora

122 1894 131 1908 .
243 1829 338 1886 afferri
353 1834 453 1904 possit,
472 1851 544 1906 quae
554 1852 606 1908 per
620 1852 652 1892 se
664 1837 784 1911 impigre
796 1835 962 1909 procedunt,
977 1834 1115 1890 absonum
1130 1835 1175 1886 cst
1189 1832 1332 1889 turbam

242 1916 321 1972 morri
342 1917 499 1989 impeditum
514 1919 627 1990 dicere,
658 1937 731 1993 quae
754 1927 854 1994 suapte
877 1924 977 1986 natura
993 1915 1158 1988 impeditum
1176 1920 1204 1972 et
1219 1917 1331 1974 tardum

242 2006 293 2055 est.
314 2031 351 2040 -
367 2002 465 2059 Verba
478 2005 553 2060 adio
569 2008 679 2077 perceris
693 2012 742 2063 cat
754 2008 854 2079 imperi
865 2004 1023 2060 dammare
1042 2002 1215 2072 aliquantmn
1228 2003 1331 2057 obscu-

241 2085 330 2140 ritatis
344 2084 448 2142 habent
456 2105 464 2158 ;
481 2105 545 2146 nam
557 2090 706 2161 quominus
719 2093 830 2163 ymerus
844 2106 895 2160 pro
908 2101 995 2144 saeua
1010 2085 1114 2140 dictum
1128 2102 1192 2154 esse
1215 2090 1331 2156 statuas,

241 2179 303 2226 non'
327 2172 418 2226 solum
439 2189 486 2230 res
511 2175 574 2243 ipsa
596 2174 689 2228 obstat
711 2177 790 2243 (nam
816 2172 884 2245 quid
906 2171 1070 2242 mulieribus
1093 2171 1198 2242 negotii
1221 2176 1281 2227 erat
1302 2172 1331 2224 in
1400 2189 1404 2198 ⁴

242 2253 360 2310 Sertorii
380 2253 559 2326 exercitui),
574 2257 626 2328 sed
643 2258 725 2314 etiam
738 2259 851 2330 linguae
864 2255 949 2324 ratio,
961 2255 1026 2327 quia
1037 2255 1118 2310 vocis
1130 2255 1241 2327 imperii
1253 2256 1329 2310 notio

240 2343 296 2392 tam
309 2337 426 2396 diversa
440 2348 498 2412 est,
525 2346 555 2396 ut
575 2357 632 2396 non
646 2342 738 2414 possit
757 2359 809 2414 per
830 2347 879 2398 cut
893 2340 1059 2412 particulam
1079 2338 1107 2398 ia
1130 2338 1330 2410 praecedentis

242 2423 335 2478 locum
352 2425 489 2496 substitui,
507 2425 544 2480 ci.
559 2425 597 2482 ad
613 2424 673 2483 Cat.
695 2445 721 2483 c.
735 2425 838 2502 XXVI,
853 2431 881 2485 a.
897 2431 924 2480 et
945 2423 982 2480 ad
997 2425 1059 2496 lug.
1075 2441 1098 2479 c.
1116 2423 1162 2492 ΙΙΙ,
1178 2429 1206 2484 2·
1237 2423 1330 2494 Quare

238 2522 327 2579 penus
341 2508 371 2563 b.
393 2510 413 2564 l.
436 2510 474 2566 ad
497 2511 599 2568 milites
621 2513 709 2568 armis
730 2517 812 2585 atque
833 2511 979 2568 ordinibus
996 2509 1128 2566 diversos
1151 2509 1259 2577 relero;
1283 2511 1330 2580 qui

152 2654 155 2658 ,
226 2595 481 2663 ,ᾳιιυωοοηῑυεὶῐῃ
502 2601 529 2651 et
545 2598 606 2652 sine
628 2597 728 2654 ordine
749 2599 777 2657 in
796 2600 894 2654 urbem
917 2597 1062 2668 lugerent,
1092 2596 1203 2666 pencris
1234 2609 1330 2650 acrum

240 2678 345 2734 nullum
366 2679 515 2736 discrimen
535 2687 606 2740 erat.
649 2684 758 2751 Pariter¹
777 2684 882 2739 nullum
901 2682 1011 2752 imperii
1024 2678 1172 2746 discrimen
1195 2683 1252 2751 est,
1282 2681 1331 2735 ubi

243 2762 362 2834 imperia
377 2780 435 2834 non
449 2768 654 2836 observantur,
669 2767 723 2824 sed
737 2768 856 2840 quisque
873 2766 925 2824 sibi
942 2765 1072 2838 consulit,
1088 2765 1169 2821 ducis
1183 2765 1264 2820 iussu
1281 2780 1328 2818 ne·

241 2846 341 2918 glecto.
357 2876 399 2888 —
413 2848 472 2905 Per
487 2851 615 2907 sobnam
628 2867 665 2906 co
674 2867 784 2923 rpcra
795 2853 836 2908 ita
848 2851 961 2907 videtur
976 2850 1198 2922 intelligendum,
1219 2854 1249 2905 ut
1264 2847 1330 2905 Ser·

240 2930 345 2998 torius,
374 2933 515 2988 artissimo
536 2935 667 2989 calonum
688 2936 778 3006 globo·
796 2937 883 3003 laeto,
916 2950 1014 2990 eorum
1034 2934 1160 2990 humeris
1182 2934 1327 3002 institerit;

242 3014 321 3068 aliter
342 3015 417 3070 enim
434 3032 585 3088 corporum
606 3018 742 3074 auxilium
757 3019 791 3076 ,in
811 3017 986 3074 sublevando
1009 3017 1082 3072 duce
1103 3035 1159 3072 non
1178 3019 1260 3074 facile
1280 3035 1329 3074 ex-

241 3100 387 3170 plicueris.
409 3129 452 3140 -
475 3100 572 3158 Statim
588 3107 652 3174 post
673 3103 701 3158 in
724 3103 852 3158 omnibus
868 3101 952 3157 Nonii
968 3099 1053 3156 codd.
1076 3106 1104 3155 et
1125 3101 1250 3158 Sallustii
1269 3102 1329 3158 edi-
1427 3126 1431 3135 =

240 3184 362 3242 tionibus
376 3187 502 3258 pessime
525 3188 655 3244 scribitur
666 3188 825 3262 deinsuper,
851 3187 896 3242 cui
919 3184 997 3255 voci,
1019 3184 1129 3239 lexicis
1147 3185 1327 3254 eximendae,

90 3279 98 3289 “
140 3283 141 3286 ’
240 3271 344 3326 nollem
361 3272 553 3342 patrocinatus
576 3278 652 3344 esset
665 3271 793 3330 Handius
810 3271 845 3326 de
862 3271 978 3326 Particc.
1000 3269 1070 3324 batt.
1085 3268 1149 3322 Vol.
1162 3269 1196 3324 ΙΙ.
1210 3287 1238 3340 p.
1256 3272 1327 3338 249,

241 3356 345 3426 quippe
359 3373 433 3427 quae
449 3375 588 3430 nusquam
603 3360 673 3415 alias
688 3359 863 3430 reperiatur,
881 3355 1030 3427 analogiae
1045 3369 1163 3426 prorsus
1178 3359 1326 3426 repugnet,

242 3442 269 3516 et
283 3438 367 3496 Nonii
388 3444 476 3497 errori
494 3460 584 3515 usque
605 3442 643 3498 ad
663 3448 788 3499 nostrum
806 3447 915 3513 tempus
932 3443 1089 3513 propagato
1114 3445 1141 3493 et
1161 3456 1225 3494 cum
1243 3440 1327 3494 novis

242 3524 384 3580 erroribus
402 3527 561 3584 criticorum
583 3528 739 3599 permixto,
762 3526 907 3584 debeatur.
950 3525 985 3580 Ut
1006 3524 1081 3578 enim
1112 3525 1188 3578 omni
1217 3524 1326 3580 ratione

242 3612 335 3676 caret,
353 3609 429 3680 quod
445 3610 572 3668 blandius
587 3612 737 3684 debasuper
757 3614 817 3668 vult
831 3610 907 3666 idem
930 3608 1090 3682 significare
1107 3608 1184 3681 quod
1199 3609 1327 3682 desuper,

242 3694 281 3748 ita
304 3694 333 3748 in
354 3694 489 3751 universo
512 3697 574 3751 loco
603 3695 771 3768 explicando
793 3698 908 3752 multum
928 3712 946 3750 a
967 3711 1035 3750 vero
1060 3695 1211 3750 aberravit.
1229 3755 1231 3762 ,
1254 3695 1327 3750 Nam

242 3780 330 3835 verba
345 3777 470 3834 adhunc
486 3778 602 3836 modum
621 3782 742 3854 scripta:
758 3771 816 3854 per
833 3782 960 3838 sobnam
975 3795 1106 3851 corpora,
1121 3779 1164 3834 ud
1178 3778 1327 3836 medium

242 3866 346 3935 quasi
374 3864 568 3937 deinsuper
588 3866 802 3922 instantium
827 3865 987 3932 manibus
1006 3865 1036 3918 in
1057 3880 1166 3920 marum
1186 3864 1325 3933 caeditur,

243 3948 284 4002 sic
302 3948 513 4020 interpretatur:
547 3947 705 4020 Sertorius,
731 3950 856 4007 humeris
878 3951 1007 4016 calonum
1023 3949 1165 4017 ascensis,
1196 3948 1324 4004 manibus

242 4026 356 4102 eorum,
371 4027 419 4106 'qui
432 4034 460 4090 in
473 4050 553 4090 muro
569 4039 676 4092 stantes
688 4034 753 4108 fere
769 4037 808 4092 od
821 4035 939 4091 medium
952 4047 1055 4106 corpus
1069 4033 1188 4108 desuper
1202 4031 1324 4089 declinu-

241 4117 320 4188 bent,
337 4119 477 4176 attollitur.
521 4118 580 4176 Sed
590 4119 659 4186 buic
674 4119 853 4194 explicationi
866 4122 978 4192 praeter
992 4119 1159 4174 insolentem
1174 4117 1325 4190 deinsuper

240 4217 341 4258 uocem
357 4203 412 4286 boc
423 4204 543 4262 maxime
559 4207 670 4274 obstat,
684 4206 760 4277 quod
774 4207 879 4262 nutare
890 4220 982 4275 neque
993 4203 1050 4257 ullo
1061 4201 1147 4258 modo
1163 4200 1323 4274 significare

240 4291 333 4359 potest
346 4288 486 4348 medeare
500 4291 548 4346 vel
564 4305 596 4350 se
609 4289 760 4363 demittere,
778 4307 869 4364 neque
877 4288 998 4346 'omnino
1010 4287 1146 4348 codicum
1158 4285 1322 4354 auctoritate
