3062 4958
207 358 273 434 269
447 401 450 411 ·
568 363 596 426 C.
619 363 792 424 statuam
815 362 928 422 (llllSl’l
1001 375 1005 380 ·

211 551 354 623 stettin
380 603 389 620 .
412 598 420 620 .
445 604 453 620 .
476 551 524 622 ‚l
542 565 659 628 ,curma
776 553 868 624 assa
890 523 1012 620 baud]
1034 601 1045 622 .,
1065 570 1154 642 aque
1176 569 1297 640 quante

212 675 597 768 ..monatianum
629 699 719 768 spem
744 675 938 776 ¹capiendam
965 685 1046 750 csse.
1078 673 1172 746 'Sed
1196 677 1301 766 pauet

210 802 391 893 pmdentes
412 800 603 894 inpomipue
627 799 726 873 ommi
755 778 867 880 nobile
891 802 1031 876 saeta
1051 805 1189 892 mm,
1220 799 1297 873 lau·-

211 925 365 1019 dantque,
390 929 481 1020 qrcod
494 933 650 1032 suaserat
669 930 896 1019 succre3'pars
916 926 1037 997 stoma
1054 947 1100 1001 ec.
1119 923 1214 1008 tais,
1230 921 1298 998 ,ad-

213 1134 241 1188 in
257 1135 494 1224 eoeorpentient,
516 1149 619 1191 novam
635 1132 701 1190 hinc
728 1148 846 1205 eamque
875 1129 1057 1204 praecedenti
1083 1130 1296 1188 adversativam

214 1219 338 1289 incipere
360 1218 523 1290 periodum,
542 1233 634 1290 neque
649 1220 817 1277 sententiam
839 1223 887 1275 aut
907 1219 1026 1274 lacunae
1041 1216 1163 1288 spatium
1184 1217 1297 1287 supple·

213 1310 305 1358 mento
322 1309 417 1360 nostro
435 1306 558 1360 obstare.
573 1327 615 1338 ·-
636 1301 807 1376 laceratque
820 1305 906 1358 oatmt
921 1309 948 1358 ut
963 1302 1161 1368 scriberemus,
1178 1301 1296 1371 permoti

214 1405 312 1444 sumus
333 1389 449 1444 residua
471 1390 498 1443 in
517 1387 572 1442 fine
596 1405 697 1444 versus
715 1394 763 1447 12..
832 1388 873 1442 llll
889 1388 1018 1458 syllaba,
1045 1401 1117 1457 quae
1133 1385 1238 1442 indicio
1254 1391 1297 1442 est

213 1475 300 1528 animi
313 1473 341 1530 in
356 1474 422 1530 cod.
440 1474 544 1540 fuisse,
571 1472 648 1544 quod
666 1487 729 1528 cum
750 1472 892 1530 adiectivo
905 1473 1090 1528 ¹coniunctum
1105 1476 1242 1541 potestate
1258 1476 1296 1526 at-

212 1559 344 1616 tributiva
367 1558 406 1614 ad
428 1560 519 1630 pauci
539 1559 694 1616 subiectum
716 1560 878 1629 pertineret.
917 1558 1053 1612 Homines
1074 1563 1166 1613 autem
1187 1557 1299 1627 ammai

214 1645 300 1698 animi
326 1644 345 1697 i.
366 1660 394 1700 e.
416 1643 608 1714 generosioris
632 1643 735 1701 indolis
763 1649 838 1699 recte
860 1657 924 1698 cum
948 1641 1132 1714 praedantibus
1154 1641 1294 1712 componi,

213 1745 307 1796 nemo,
322 1729 433 1798 opinor,
450 1727 595 1784 dubitabit.
611 1755 654 1768 -
674 1727 936 1790 Nobilestudiam
951 1732 1096 1800 perant,
1117 1725 1194 1797 quod
1210 1731 1296 1782 tente-

214 1814 325 1880 vimus,
351 1828 385 1868 eo
408 1815 529 1868 aramme
549 1814 658 1876 nititur,
684 1813 761 1882 quod
781 1827 889 1883 exque
909 1811 1047 1882 particula
1070 1811 1185 1868 madunt
1208 1812 1294 1866 verbo

215 1896 311 1953 addita
329 1903 404 1967 patet
420 1897 497 1955 aliud
514 1897 707 1967 praecessisse
722 1896 932 1968 praedicatum
956 1911 1053 1954 rursus
1068 1912 1105 1950 ax
1118 1895 1205 1955 mobile
1220 1894 1295 1952 adie-

143 1974 145 1978 ’
215 1983 289 2038 ctivo
305 1982 446 2052 colligitur
461 1985 588 2050 verbum,
605 1981 682 2053 quod
698 1981 853 2061 intercidit,
872 1995 934 2038 cum
950 1983 1059 2038 obiecto
1075 1981 1164 2036 luisse
1182 1982 1296 2044 conluu-

214 2073 298 2124 ctum.
325 2065 412 2122 Aliud
429 2075 631 2139 autem,·quam
647 2067 686 2135 id,
700 2066 778 2139 quod
795 2067 951 2138 posuimus,
967 2081 1052 2138 quum
1068 2066 1117 2120 vix
1132 2067 1296 2136 reperiatur,

215 2153 242 2208 in
264 2152 402 2208 sententia
422 2154 490 2208 satis
514 2151 663 2208 commode
684 2152 922 2224 acquiescendum
946 2151 1122 2221 putavimus,
1145 2152 1190 2206 cui
1205 2167 1295 2221 neque

214 2239 331 2294 lacunae
350 2237 487 2308 spatium,
510 2253 600 2308 neque
617 2237 731 2294 dicendi
747 2255 816 2294 usus
833 2239 1005 2308 reiragatur3
1027 2251 1099 2291 uam-
1115 2235 1297 2306 quemadmo-

214 2322 282 2378 dum
303 2321 404 2376 dicitur
425 2337 524 2393 parcre
541 2324 687 2390 animum,
702 2339 825 2391 cimam,
836 2336 955 2390 moreau,
976 2322 1131 2390 amicitiam,
1146 2317 1246 2388 οάὰιηι,
1262 2336 1295 2376 ac

116 2480 118 2489 Α
214 2407 326 2476 similia,
343 2408 385 2462 sic
400 2407 484 2462 etiam
498 2406 554 2462 dici
570 2424 657 2478 posse
669 2408 903 2479 perere-stadium
922 2406 953 2462 in
964 2412 1095 2478 promptu
1109 2409 1161 2462 est.
1176 2449 1178 2454 .
1248 2449 1250 2454 .

298 2491 372 2563 qaod
389 2497 519 2546 euaserat
535 2490 650 2562 facere)
666 2493 709 2548 Ex
723 2491 771 2548 RE
785 2494 910 2565 syllaba,
926 2507 999 2562 quac
1017 2491 1045 2546 in
1059 2490 1117 2546 fine
1133 2507 1234 2546 versus
1250 2461 1294 2550 14.v

112 2648 115 2655 Ι
215 2581 361 2646 superest,
384 2575 462 2632 statis
484 2575 664 2646 probabiliter
684 2578 819 2632 coniicias
842 2576 1009 2633 infinitivum
1024 2577 1062 2631 ibi
1080 2576 1185 2644 luisse;
1211 2592 1293 2646 quent

216 2678 301 2732 quum
315 2675 434 2716 necesse
450 2661 485 2716 sit
506 2678 569 2716 cum
592 2662 641 2730 iis,
663 2677 735 2732 quae
753 2664 778 2718 ei
798 2660 1000 2729 adhaererent,
1022 2662 1161 2722 obiectum
1181 2661 1298 2716 laudant

214 2743 295 2803 verbi
311 2746 500 2814 continuisse,
515 2745 569 2802 hoc
588 2753 663 2802 certe
678 2747 712 2802 iis
726 2753 893 2820 praestatur,
909 2747 1010 2818 quibus
1026 2748 1154 2802 lacunam
1171 2746 1296 2815 explevi·

216 2845 295 2898 mus,
319 2847 487 2902 quamquam
511 2831 591 2886 lacile
612 2832 739 2888 concedo
764 2835 848 2888 etiam
870 2831 947 2888 aliud
962 2848 980 2886 a
995 2831 1128 2888 Sallustio
1147 2831 1232 2886 scribi
1246 2847 1296 2901 po·

216 2915 313 2972 tuisse.
334 2945 377 2958 —-
398 2917 493 2974 Versu
508 2922 551 2996 ¹,5-
573 2918 830 2992 iamKreyssigius
852 2935 889 2972 ax
909 2917 1040 2988 vestigiis
1062 2913 1295 2973 PARSSTO....

216 3007 365 3058 assecutus
381 3009 423 3058 est
436 3002 546 3058 stolidos
562 3003 590 3056 iu
606 3009 683 3059 textu
694 3005 800 3074 luisse,
822 3004 868 3075 qui
879 3001 1064 3074 prodentibus
1078 3006 1296 3074 opponerentur.

215 3085 292 3142 Idem
307 3087 414 3146 litteras
430 3086 542 3160 ...·TS‚
559 3105 633 3160 quae
648 3090 676 3144 iu
690 3088 746 3144 line
762 3106 864 3145 versus
881 3093 954 3155 sunt,
969 3103 1004 3142 ex
1015 3085 1059 3142 ES
1075 3088 1122 3141 vel
1135 3084 1168 3142 lS
1183 3100 1298 3155 corrup-

215 3178 257 3232 tas
274 3189 339 3228 esse
354 3175 426 3228 bene
443 3172 521 3229 vidit.
542 3173 616 3242 Nos,
638 3173 737 3230 eadem
753 3191 784 3228 re
796 3172 1010 3242 animadversa,
1027 3173 1120 3226 locum
1133 3171 1171 3226 ita
1185 3169 1298 3224 refinxi-

214 3273 287 3328 mus,
307 3263 337 3313 ut
354 3273 429 3328 pars
449 3257 570 3312 stolida
592 3273 633 3312 oc
653 3259 731 3312 tems
755 3260 957 3326 scriberemus,
980 3257 1080 3327 quibus
1097 3256 1190 3313 verbis
1205 3270 1297 3313 novae

216 3342 421 3396 enunciationis
437 3341 602 3408 subiectum,
611 3342 798 3412 precedentibus
811 3343 981 3414 oppositum,
997 3341 1164 3397 continetur.
1179 3370 1222 3380 -—
1242 3340 1297 3394 Art-

212 3425 354 3495 flucntium
369 3426 459 3482 lacilis
475 3431 518 3480 est
532 3441 568 3480 ex
583 3425 793 3482 ADFLUENT.
810 3467 818 3482 .
833 3471 839 3484 .
863 3426 1032 3498 emendatio,
1054 3443 1138 3496 qrrum
1155 3441 1239 3483 versu
1254 3425 1297 3484 17.

215 3507 266 3564 ΑΗ
283 3547 356 3567 .....
372 3510 479 3590 litterae
495 3509 621 3566 dubitare
641 3527 696 3566 non
714 3512 821 3582 sinaut,
843 3512 909 3584 quin
924 3511 1071 3568 AUXILIO
1089 3513 1191 3567 lectum
1206 3510 1296 3574 luerit,

216 3621 258 3632 -—
281 3592 415 3664 Undt'que,
434 3594 511 3664 quod
531 3594 710 3663 addidimus,
733 3613 816 3667 quam
839 3604 867 3652 et
885 3611 980 3652 rerum
1003 3595 1163 3654 condicioni
1182 3602 1209 3650 et
1224 3597 1298 3650 lacu-

218 3691 271 3732 nae
287 3679 377 3747 spatio
394 3679 512 3749 (quippe
525 3679 644 3747 UNDIQ·
660 3683 807 3752 scriptum)
822 3682 980 3748 cortveniat
996 3682 1110 3751 planum
1126 3686 1179 3735 est.
1201 3680 1297 3750 Neque

213 3762 295 3834 firmo
310 3762 467 3826 ,admodum
482 3763 608 3833 dubium,
623 3779 707 3835 quum
724 3754 956 3838 ..itltl'supersit
975 3789 1018 3802 -
1042 3753 1120 3832 Quae
1144 3770 1298 3836 sequuntur

216 3860 302 3901 suae
331 3849 445 3918 petrice
475 3850 625 3904 inmemor
651 3863 729 3904 esse
755 3857 812 3904 tum
833 3850 1215 3916 emendationis-sacillum,
1242 3855 1298 3904 tum

216 3932 305 4002 ipsius
327 3934 498 3999 sententiae,
522 3933 639 4004 opinor,
660 3935 776 3990 veritate
799 3935 1038 3992 commendantur.
1083 3933 1202 3990 Videtur
1224 3935 1297 3990 enim
1370 3965 1373 3974 ι

217 4013 370 4084 Spartacus
387 4018 422 4074 de
438 4017 529 4074 reditu
546 4019 575 4072 in
587 4019 723 4089 petriam,
743 4020 823 4076 cuius
845 4020 908 4090 ipse
926 4017 1069 4078 desiderio
1091 4035 1200 4078 suurmo
1222 4024 1298 4074 tene-

215 4102 304 4168 batur,
321 4119 421 4160 servos
437 4103 662 4172 commonuisse;
687 4103 740 4159 sed
758 4119 844 4174 quum
867 4106 906 4163 illi
923 4103 1017 4162 stolidi
1032 4119 1065 4158 ac
1083 4105 1163 4160 leves
1179 4102 1248 4158 nibil
1264 4119 1298 4157 eo

216 4185 253 4240 ad
282 4201 382 4242 sanum
409 4188 556 4246 consilium
583 4187 758 4259 sequendum
779 4197 975 4257 moverentur,
1005 4189 1073 4244 setis
1094 4189 1150 4244 iam
1172 4195 1245 4244 tutos
1267 4204 1299 4244 se

215 4286 279 4329 esse
297 4269 357 4340 rati,
374 4271 456 4328 tacite
471 4267 642 4344 intelligitur,
659 4275 830 4344 carpatiae
843 4277 1013 4333 immemores
1029 4273 1117 4331 luisse
1136 4271 1274 4330 dicamm.
