3096 4962
420 423 470 482 Ab
498 423 694 483 ERNESTUM
715 423 1041 484 WUESTEMANNUM.
1240 435 1303 484 xx1

146 597 312 686 ‘neglecta
333 625 409 670 sana
433 608 552 671 ratione
576 625 728 670 summam
757 608 972 672 contusionem
993 604 1185 686 Fmgmentis
1210 605 1301 670 inler-

145 763 148 770 .
166 719 245 785 rent,
268 719 300 774 et
311 730 330 772 a
341 709 494 790 probabili
507 728 616 773 eorum
635 709 851 790 dispositione,
875 727 968 789 quam
987 729 1022 773 se
1037 711 1205 774 effecturos
1219 727 1300 772 som-

167 813 307 889 niabant,
336 816 428 893 plane
455 815 646 877 aberrarent.
698 813 886 876 Debrossius
912 814 1010 896 enirn,
1046 831 1137 893 quem
1158 813 1299 876 nonnulli
1336 840 1342 856 x

166 905 379 978 immortaliter
401 918 440 978 de
465 913 671 979 Historiarum
695 917 886 994 Fragmentis
915 935 987 980 esse
1009 916 1151 980 meritum
1177 916 1296 994 praedi·

167 1025 252 1094 oant,
280 1038 375 1096 quum
402 1019 462 1082 sibi
493 1037 556 1082 non
579 1019 698 1082 ratione
720 1020 777 1081 sed
798 1019 1004 1082 imbecillitate
1027 1021 1160 1097 quadam
1183 1017 1297 1098 ingenii

165 1122 391 1199 persuasisset,
419 1123 533 1185 nullam
556 1123 775 1201 grammaticos
800 1122 830 1184 in
853 1123 1016 1186 laudandis
1039 1124 1295 1202 Fragmentorum

165 1223 249 1286 libris
270 1226 382 1288 mereri
404 1225 513 1308 fidem,
536 1225 652 1303 quippe
674 1225 726 1303 qui
748 1227 812 1287 lere
834 1245 992 1311 nunquam
1012 1245 1294 1290 verumnumerum

166 1327 356 1404 exhiberent,
379 1331 468 1389 locos
489 1327 672 1406 saepissime
688 1329 922 1404 confunderent,
945 1347 982 1392 ao
1003 1333 1186 1408 plerumque
1199 1330 1296 1391 verba

169 1428 305 1488 auctoris
320 1431 506 1491 *memoriter
527 1432 674 1492 afferrent
695 1435 738 1502 (v.
758 1429 836 1488 Hist.
860 1433 899 1491 de
922 1433 951 1490 la
972 1430 1103 1507 Republ.
1125 1449 1203 1491 rom.
1224 1433 1295 1492 Vol.

171 1530 192 1588 Ι.
215 1549 246 1607 p.
271 1529 372 1605 223),
405 1547 443 1592 eo
473 1532 606 1594 levitatis
630 1551 821 1611 progressus
843 1540 908 1607 est,
936 1534 1074 1594 utnulla
1096 1549 1226 1610 prorsus
1248 1551 1299 1594 au-

171 1630 321 1694 ctoritatis
346 1634 614 1710 grammaticorum
646 1635 766 1698 ratione
792 1635 897 1698 habita
925 1651 1005 1712 quae
1030 1632 1073 1696 illi
1093 1634 1248 1713 exprimo
1269 1635 1300 1697 li·

167 1737 224 1797 bro
247 1735 389 1817 laudant,
421 1755 542 1799 summa
563 1738 687 1800 libidine
708 1741 759 1801 vel
784 1740 815 1802 in
837 1739 1024 1812 secundum,
1047 1739 1097 1799 vel
1116 1737 1145 1800 in
1167 1737 1300 1814 tertium,

168 1840 217 1900 vel
235 1837 265 1898 in
287 1839 454 1914 quemlibet
475 1841 567 1904 alium
591 1843 781 1917 transferret,
803 1851 834 1906 et
853 1850 971 1917 eontra,
995 1859 1056 1920 quo
1079 1842 1141 1904 hoo
1156 1839 1300 1903 effoetum

167 1948 229 2031 est,
259 1949 293 2002 ut
321 1939 387 2004 eius
412 1961 508 2022 opera
529 1946 714 2022 Fragmenta
736 1949 832 2010 multo
855 1946 953 2025 magis
977 1944 1131 2008 dissoluta
1151 1960 1188 2006 ao
1210 1943 1300 2007 disie-

161 2052 218 2116 ¹eta
246 2044 321 2120 sint,
353 2063 445 2123 quarn
467 2045 498 2108 in
520 2049 583 2108 ulle
603 2047 662 2108 alia
690 2031 835 2122 editione.
881 2046 1061 2112 Gerlaohius
1083 2063 1159 2108 vero
1181 2051 1299 2109 tantum

168 2147 279 2222 abluit,
298 2155 332 2210 ut
353 2147 413 2209 hoe
432 2152 575 2226 exemplo
598 2151 734 2216 monitus
759 2160 823 2214 tarn
848 2148 1032 2212 dissolutam
1058 2154 1184 2210 caveret
1208 2149 1300 2212 ratio-

167 2270 253 2326 nem,
277 2260 311 2313 ut
329 2252 402 2312 Vol.
417 2253 466 2313 ΙΙΙ.
489 2270 522 2328 p.
546 2252 878 2315 101.et153.eadem
900 2267 980 2314 vana
1000 2248 1197 2324 confidentia,
1221 2267 1300 2328 quae

167 2351 370 2416 Debrossium
393 2362 606 2418 transversum
629 2356 707 2432 egit,
729 2358 934 2419 eontenderet
952 2351 1171 2432 grammaticos
1193 2349 1223 2413 in
1247 2369 1300 2414 nu·

168 2473 254 2518 mero
285 2455 433 2518 librorum
458 2457 618 2521 afferendo
647 2456 763 2538 ubique
789 2463 854 2522 lere
879 2466 942 2520 tam
967 2455 1158 2535 negligenter
1186 2452 1299 2532 egisse,

167 2567 202 2620 ut
231 2558 310 2620 nihil
329 2577 437 2621 eorum
461 2560 638 2633 testimonio
659 2563 856 2626 tribuendum
877 2568 977 2635 esset,
1009 2561 1202 2636 ordinemque
1220 2576 1299 2620 nor—

168 2667 292 2724 rott'om's
309 2681 381 2734 ooo
413 2665 457 2724 od
488 2674 645 2744 corruptos
671 2683 824 2742 numeros,
862 2667 917 2727 sed
946 2664 990 2724 od
1022 2666 1170 2724 internam
1197 2677 1300 2722 rerum

102 2824 106 2831 .
167 2769 336 2828 laneorum
371 2773 401 2827 et
434 2769 765 2843 temperamentum
804 2769 1038 2830 constituendum
1074 2782 1146 2827 esse.
1206 2765 1300 2839 Quasi

162 2857 245 2930 'vero
266 2867 388 2928 interna
409 2869 516 2928 rerum
535 2866 693 2943 iunctura,
726 2887 820 2946 quam
842 2869 893 2930 ille
928 2867 1130 2930 certissimam
1159 2883 1299 2929 normam

169 2972 424 3046 Fragmentorum
453 2967 724 3044 disponendorum¹
749 2977 843 3046 atque
871 2971 1125 3047 explicandorum
1153 2985 1226 3032 esse
1248 2985 1299 3030 au-

169 3077 282 3145 tumat,
309 3069 370 3130 iam
387 3085 502 3147 perse
522 3067 703 3145 planissime
722 3077 858 3148 pateret,
884 3087 985 3146 neque
1006 3077 1106 3131 totum
1125 3071 1187 3131 lroo
1208 3071 1299 3146 Frag-

167 3180 271 3236 menta
303 3171 484 3234 illustrandi·
507 3171 665 3248 negotium
700 3173 743 3236 ita
770 3180 982 3254 comparatum
1005 3178 1105 3246 esset,
1139 3178 1190 3244 ut,
1214 3177 1299 3232 ante-

169 3292 261 3354 quam
288 3277 328 3335 de
357 3274 497 3338 iunctura
524 3293 627 3338 rerum
649 3284 773 3355 agatur,
799 3277 888 3356 ipsae
910 3293 961 3338 res
988 3273 1131 3352 cognitae
1153 3287 1225 3334 esse
1248 3272 1299 3332 de·

168 3382 274 3454 beant,
299 3397 380 3456 quae
400 3388 483 3442 certe
506 3397 568 3441 non
592 3377 715 3442 aliunde
741 3397 833 3458 quam
861 3395 900 3441 ex
925 3376 1195 3456 grammaticorum
1216 3373 1298 3437 testi-

170 3484 281 3546 moniis
312 3483 461 3560 oognosei
489 3489 633 3562 possunt.
686 3483 802 3558 Quibus
825 3483 878 3560 qui
898 3500 1021 3546 omnem
1044 3482 1137 3542 iidem
1158 3480 1298 3555 derogat,

171 3606 209 3650 ne
232 3587 281 3648 ille
303 3586 426 3649 videtur
447 3583 500 3646 vix
521 3586 615 3648 ullum
642 3592 779 3647 veterem
806 3585 1039 3663 grammaticum
1057 3581 1201 3658 novisse;
1227 3597 1298 3642 narn

114 3695 116 3702 '
171 3689 223 3768 qui
248 3693 299 3752 vel
328 3688 428 3752 obiter
457 3705 513 3748 eos
538 3686 725 3766 inspexerit,
756 3691 895 3765 prolecto
924 3687 1073 3764 intelliget
1100 3693 1160 3748 tam
1189 3684 1298 3763 paucis

166 3792 247 3854 loeis
274 3809 436 3854 numerum
462 3791 623 3867 librorum,
656 3791 740 3852 unde
772 3794 914 3868 exempla
946 3791 1124 3863 laudarunt,
1158 3787 1298 3865 ipsorum

169 3897 260 3972 culpa
283 3893 394 3956 falsum
423 3900 475 3954 out
500 3892 694 3954 librariorum
723 3911 830 3955 errore
859 3901 1038 3972 corruptum
1057 3905 1138 3966 esse,
1158 3897 1192 3951 ut
1214 3891 1298 3952 nullo

168 4005 261 4076 paeto
287 3998 327 4058 de
360 3984 533 4058 ceterorum
560 3994 690 4057 veritate
717 3995 849 4058 dubitari
879 3996 991 4075 possit·
1048 3992 1178 4056 Omissis
1208 3992 1300 4071 igitur

169 4098 331 4162 Debrossii
361 4106 391 4161 et
414 4093 563 4158 Gerlaehii
589 4098 747 4172 perversis
774 4097 959 4173 rationibus,
987 4097 1098 4175 quibus
1125 4094 1247 4158 minime
1267 4093 1299 4155 in

170 4201 311 4266 ordinem
329 4199 431 4283 redire
459 4213 496 4259 ae
516 4199 616 4259 lucem
638 4199 780 4278 accipere
801 4206 949 4278 possunt,
977 4215 1056 4276 quae
1075 4197 1206 4259 contusa
1228 4202 1301 4257 sunt

169 4310 202 4364 et
230 4305 379 4377 obseura,
409 4301 440 4360 id
469 4298 541 4360 mihi
564 4300 719 4377 agendum
739 4301 861 4379 putavi,
884 4309 919 4364 ut
940 4301 1131 4377 singulorum
1150 4297 1299 4358 librorum

167 4413 381 4486 argumentum
407 4411 479 4469 ante
501 4403 604 4466 omnia
622 4423 661 4468 ex
690 4404 734 4489 iis
747 4403 938 4486 Fragmeutis
960 4401 1197 4470 constituerem,
1221 4411 1297 4476 quo-
