3098 4970
220 347 282 412 150
579 353 609 411 G.
635 353 808 414 SALLUSTI
832 353 946 414 satsat

319 544 370 608 tu.
416 537 555 624 Canina,
580 542 617 608 ut
637 539 682 610 ait
702 539 853 631 Appius,
877 541 1031 611 facundia
1052 541 1281 610 exercebatur.

321 667 372 734 47.
416 662 619 758 Publiusque
635 665 795 736 Lentulus
808 664 1018 736 Marcellinus
1036 664 1153 734 eodem
1172 665 1307 732 auctore

218 871 277 928 ret,·
292 865 378 921 codd.
394 868 467 922 enirn
484 885 582 924 omnes
599 872 645 926 vel
658 870 837 944 appellabant
852 876 960 940 tenent,
983 875 1012 925 ut
1026 869 1092 924 olim
1110 883 1262 942 perperam
1279 869 1307 922 in

219 951 354 1006 Prisciani
367 956 394 1005 et
408 950 534 1008 Sallustii
548 954 606 1010 edd
634 958 815 1028 vulgabatur,
836 956 882 1011 vel
896 955 1069 1027 appellabat,
1093 969 1164 1024 quae
1181 969 1249 1009 vera
1264 957 1307 1006 est

219 1036 367 1107 scriptura.
398 1036 505 1091 Nomen
518 1041 673 1111 proprium,
689 1039 766 1112 quod
781 1041 809 1094 in
827 1040 947 1112 vulgatis
959 1039 1025 1094 edd.
1044 1038 1219 1094 scribebatur
1232 1038 1307 1092 Bar-

219 1119 350 1188 tunam,
373 1122 401 1175 in
413 1122 549 1179 Prisciani
565 1124 651 1179 codd.
666 1125 765 1196 partim
788 1131 831 1180 est
847 1124 1057 1197 Barbatepium
1078 1123 1178 1194 partim
1192 1121 1305 1178 Barbu-

219 1205 314 1272 leium,
336 1221 420 1276 quam
436 1208 554 1263 tonnam
571 1211 703 1282 analogia
718 1210 836 1264 aliorum
852 1210 995 1264 nominum
1011 1207 1235 1264 commendatam
1253 1207 1306 1259 Va-

219 1289 281 1345 lerii
304 1289 419 1346 Maximi
449 1294 612 1350 auctoritate
634 1293 827 1366 recipiendam
849 1293 989 1354 duximus.
1029 1293 1056 1348 ls
1075 1293 1150 1348 enim
1178 1290 1306 1362 apposite

220 1373 288 1430 libro
305 1373 351 1442 IX,
375 1378 417 1443 14,
437 1381 464 1433 5.
486 1376 559 1434 haec
579 1379 677 1449 habet,
706 1380 806 1451 qulbus
828 1385 922 1433 noster
942 1380 1022 1434 locus
1044 1378 1215 1448 aliquantum
1235 1375 1306 1430 lucis

219 1458 335 1530 accipit:
366 1457 409 1514 M.
435 1459 568 1519 Messalla
599 1463 754 1520 connitaris
779 1467 805 1518 et
828 1463 971 1518 censorias
995 1459 1170 1535 Menapem's,
1204 1459 1307 1516 daria

218 1544 378 1599 omnibns
400 1544 596 1603 bonoribus
615 1549 802 1604 abundans
822 1547 1032 1614 Burbuleii‚
1059 1548 1104 1604 itte
1116 1551 1235 1618 propter
1249 1546 1308 1600 aris

217 1634 375 1700 aspectam,
412 1629 457 1684 dic
483 1639 641 1703 propter
665 1647 793 1704 parem
823 1633 990 1704 corporis
1021 1638 1157 1697 motam,
1194 1635 1309 1701 ideaque

218 1714 358 1768 scenici
374 1729 497 1770 nomen
511 1723 657 1773 coactus
676 1723 729 1772 est
748 1718 925 1788 recipere.
954 1716 1041 1788 Igitur
1057 1717 1104 1787 qui
1119 1715 1174 1772 hoc
1191 1714 1307 1768 dicterio

218 1803 377 1868 peteretur,
401 1799 450 1854 luit
464 1798 624 1856 Scribonius
639 1801 735 1866 Cario.
759 1817 784 1858 a.
803 1803 847 1860 76.
869 1817 896 1856 a.
912 1799 976 1856 Chr.
994 1817 1022 1856 n.
1043 1817 1108 1856 cum
1125 1798 1175 1855 Cn.
1191 1798 1308 1856 Octavio

220 1875 333 1947 consul,
359 1882 406 1952 qui
430 1899 494 1938 eum
509 1892 631 1955 peteret,
654 1885 703 1942 Cn.
720 1885 868 1941 Sieinm'ns.
904 1885 951 1941 Ad
968 1892 1116 1956 utrumque
1138 1884 1257 1956 pertinet
1271 1884 1309 1936 le-

219 1966 304 2038 pidus
320 1964 464 2022 Ciceronis
483 1971 563 2026 locus
588 1971 617 2025 in
640 1971 725 2026 Bruto
741 1987 766 2026 c.
783 1976 826 2039 50,
837 1975 899 2029 ato.
922 1969 1014 2026 Motus
1038 1972 1080 2040 (in
1100 1969 1228 2036 dicendo)
1248 1973 1311 2024 erat

163 2101 165 2106 ,
219 2051 362 2121 (Camoni)
377 2054 416 2119 is,
439 2067 518 2125 quem
533 2061 560 2110 et
574 2054 603 2111 0.
618 2053 708 2112 Iulius
722 2057 928 2126 inperpetuum
943 2056 1163 2128 naissitanum
1178 2069 1216 2110 aa:
1230 2068 1261 2108 eo
1281 2055 1309 2106 in

219 2141 487 2208 utramquepartem
501 2145 553 2195 mto
569 2155 688 2212 corpore
701 2141 845 2196 nacdtante
863 2141 1009 2211 pausavit,
1041 2141 1121 2211 qais
1141 2139 1307 2210 toquere-

219 2225 277 2276 tur
293 2237 337 2278 aaa
352 2223 480 2280 lintre?
494 2231 520 2280 et
536 2225 584 2282 Cn.
606 2224 759 2295 sicioniis,
781 2225 861 2280 mino
876 2227 1018 2298 impuras,
1040 2224 1091 2280 sed
1106 2223 1252 2280 admodum
1268 2223 1308 2276 ri-

219 2305 336 2362 diculus.
372 2305 405 2362 Is
426 2324 509 2379 qnam
535 2310 767 2382 tribunusplebis
789 2309 934 2366 Curionem
963 2315 990 2364 et
1011 2307 1151 2366 Omauitm
1172 2308 1310 2365 consulam

214 2392 410 2462 produxisset,
434 2392 570 2464 Curaeque
585 2395 801 2450 matta-dmisset
813 2395 923 2450 sedente
939 2393 989 2451 Cn.
1005 2391 1115 2453 Octavio
1129 2394 1243 2464 calleyo,
1262 2393 1311 2463 qni

219 2475 358 2541 ammana
372 2481 435 2534 erat
446 2476 545 2549 fasciis
560 2483 588 2532 et
600 2480 690 2534 mattis
705 2480 909 2534 medicamentis
924 2483 1044 2551 propter
1060 2479 1183 2540 dotorem
1199 2483 1310 2533 artuum

220 2559 366 2614 delibutas:
396 2559 591 2633 Nunquam,
612 2565 713 2634 inquit,
738 2562 873 2632 Octavi,
896 2564 1057 2636 cattepae
1073 2567 1130 2620 tna
1149 2563 1308 2636 pratiam

220 2643 378 2714 referem
398 2647 459 2716 qni
471 2647 544 2702 nisi
558 2661 596 2702 se
619 2661 680 2704 sno
695 2663 790 2704 more
810 2651 1039 2716 iactantiam,
1061 2648 1162 2704 bodie
1180 2653 1211 2704 te
1228 2649 1311 2702 istic

220 2743 364 2784 muscae
386 2731 630 2788 comedissent.
675 2732 781 2801 Quibus
803 2733 874 2788 locis
896 2735 967 2788 inter
989 2749 1020 2788 se
1042 2733 1151 2788 collatis
1169 2731 1251 2788 lacile
1270 2732 1309 2785 in-

221 2813 353 2885 telligitur
368 2830 486 2887 corpore
497 2818 633 2888 percitum
649 2817 715 2888 dici,
736 2819 783 2889 qui
797 2835 899 2890 corpus
914 2817 1098 2876 vehementer
1114 2817 1238 2883 iactaret,
1254 2815 1309 2872 huc

222 2899 287 2957 illuc
313 2897 460 2958 fluctuaret
486 2907 513 2956 et
539 2903 698 2971 vacillaret,
724 2905 817 2976 tinpaa
836 2906 992 2977 paritum,
1024 2902 1070 2974 qui
1097 2903 1184 2958 multa
1205 2909 1308 2958 temere

221 2982 380 3042 effunderet
404 2992 432 3041 et
452 2989 540 3043 verba
558 2989 767 3060 praecipitaret.
788 3020 828 3032 -
851 2987 978 3046 causalis
999 2987 1206 3044 enunciationis
1228 2987 1309 3054 ratio,

220 3071 286 3142 quio
304 3071 442 3141 particula
461 3072 598 3142 indicata,
625 3091 794 3145 quamquam
815 3091 871 3129 non
893 3071 1047 3129 admodum
1066 3071 1216 3128 commoda
1231 3071 1310 3126 vide-

221 3161 279 3223 tur,
302 3161 395 3212 tamen
411 3159 523 3214 tolerari
544 3165 651 3230 potest,
672 3159 839 3228 praesertim
855 3175 954 3230 quum,
976 3157 1117 3228 quomodo
1133 3156 1206 3214 haec
1223 3159 1309 3212 verba

220 3257 285 3297 cum
307 3241 543 3314 praecedentibus
563 3242 758 3309 cohaeserint,
782 3259 837 3297 non
854 3249 973 3298 constet.
1003 3243 1065 3298 Non
1080 3241 1200 3298 diffiteor
1215 3247 1309 3296 tamen

222 3323 305 3380 valde
321 3325 389 3384 mihi
404 3328 534 3397 placere,
555 3326 632 3397 quod
647 3325 763 3382 Colerus
786 3327 822 3382 ad
838 3327 945 3383 Valerii
960 3328 1036 3384 Max.
1052 3329 1070 3383 l.
1087 3329 1104 3382 l.
1118 3343 1148 3398 p.
1162 3331 1222 3388 607.
1244 3343 1310 3382 con·

222 3410 301 3466 iecit:
322 3424 419 3480 pacm
431 3425 551 3481 corpore
564 3441 607 3450 -
618 3413 764 3482 percitam.

307 3494 353 3548 Fr.
372 3497 416 3554 46.
452 3490 536 3567 [Cort.
558 3499 635 3554 1004.
661 3496 733 3552 Gerl.
757 3495 803 3552 ed.
822 3497 887 3552 inei.
903 3496 961 3552 lnc.
982 3499 1043 3554 184.
1065 3495 1110 3551 ed.
1133 3495 1199 3562 min.
1222 3494 1267 3562 Ill,
1283 3501 1310 3556 5.
1376 3541 1377 3544 ,

222 3597 250 3652 p.
267 3584 327 3646 215,
342 3581 386 3638 26.
402 3579 487 3634 Debr.
503 3580 537 3647 V,
554 3577 611 3654 Ἰ4.]
638 3581 732 3636 Verba
747 3587 859 3639 exstant
872 3580 950 3652 apud
966 3582 1039 3636 Non.
1054 3581 1076 3648 I,
1090 3584 1151 3640 498.
1167 3597 1196 3652 p·
1207 3583 1251 3647 60,
1266 3585 1309 3638 25.

222 3665 309 3720 Merc.
327 3663 433 3720 Canina
446 3661 582 3735 facundia
599 3682 684 3736 quum
700 3668 736 3722 sit
749 3666 923 3722 mordacium
941 3669 1103 3723 rabularum
1124 3664 1159 3720 de
1177 3666 1238 3720 loro
1255 3670 1310 3720 tur-

223 3751 453 3820 bulentorumque
470 3749 628 3818 hominum,
652 3749 833 3808 adversarios
854 3757 987 3823 proterva
1004 3751 1151 3807 dicacitate
1167 3751 1310 3806 lacessen-

222 3836 291 3889 tium
306 3850 338 3888 ac
353 3835 550 3903 lacerantium,
566 3852 622 3890 non
639 3837 820 3908 improbabile
835 3837 947 3891 videtur
963 3835 1126 3893 Sallustium
1141 3834 1186 3890 his
1205 3835 1310 3903 verbis,

222 3920 343 3991 primum
362 3920 396 3974 ab
413 3919 505 3992 Appio
522 3923 679 3994 usurpatis,
701 3928 815 3978 notasse
835 3920 973 3980 Sieinnii
967 3920 1103 3991 imprimis
1121 3920 1310 3991 similiumque

224 4005 395 4060 tribunorum
411 4006 603 4076 insolentiam,
626 4007 673 4064 illo
692 4013 815 4078 tempore
830 4009 920 4063 bonos
936 4008 1015 4064 cives
1034 4006 1246 4076 exagitandum.
1276 4005 1311 4060 cl.

225 4091 295 4144 Plut.
322 4090 351 4144 in
376 4087 470 4147 Crass
498 4108 523 4146 c.
546 4095 572 4160 Ἰ,
594 4098 664 4148 extr.
689 4093 766 4161 (Vol.
789 4092 822 4148 ll.
829 4110 895 4189 p
903 4095 963 4188 544.
985 4090 1071 4158 Sint.)
1094 4077 1129 4148 Ο
1155 4088 1311 4146 mitiora

223 4162 421 4251 πράγματα
438 4163 758 4271 νναρνισχνῖνντοῑςι
750 4159 837 4232 καθ’
854 4161 966 4233 αὑτὸν
981 4163 1139 4271 ἄρχουσι
1160 4167 1223 4230 nai
1242 4169 1311 4268 ’δη-
1388 4247 1391 4252 ¹

223 4259 429 4337 μανωγοῖς,
459 4255 671 4330 Σικίννιος,
704 4247 779 4336 πρὸς
804 4250 856 4318 τὸν
883 4255 1017 4334 εἴπαντα,
1047 4254 1075 4316 rt
1097 4249 1136 4334 δὴ
1156 4250 1250 4334 μόνον
1273 4243 1310 4316 ori
