<?xml version="1.0" encoding="UTF-8"?>
<!DOCTYPE html PUBLIC "-//W3C//DTD XHTML 1.0 Transitional//EN"
    "http://www.w3.org/TR/xhtml1/DTD/xhtml1-transitional.dtd">
<html xmlns="http://www.w3.org/1999/xhtml" xml:lang="en" lang="en">
 <head>
  <title>
</title>
<meta http-equiv="Content-Type" content="text/html;charset=utf-8" />
  <meta name='ocr-system' content='tesseract 3.04.00' />
  <meta name='ocr-capabilities' content='ocr_page ocr_carea ocr_par ocr_line ocrx_word'/>
</head>
<body>
  <div class='ocr_page' id='page_1' title='image "./csallusticrispi04sallgoog_0015.png"; bbox 0 0 3096 4962; ppageno 0'>
   <div class='ocr_carea' id='block_1_1' title="bbox 430 381 1292 442">
    <p class='ocr_par' dir='ltr' id='par_1_1' title="bbox 430 381 1292 442">
     <span class='ocr_line' id='line_1_1' title="bbox 430 381 1292 442; baseline -0.002 0"><span class='ocrx_word' id='word_1_1' title='bbox 430 385 479 442; x_wconf 77' lang='grc' dir='ltr'>ΑΙ)</span> <span class='ocrx_word' id='word_1_2' title='bbox 504 383 700 442; x_wconf 82' lang='lat' dir='ltr'><strong>ERNESTUM</strong></span> <span class='ocrx_word' id='word_1_3' title='bbox 722 381 1046 440; x_wconf 82' lang='lat' dir='ltr'><strong>WUESTEMANNUM.</strong></span> <span class='ocrx_word' id='word_1_4' title='bbox 1255 391 1292 440; x_wconf 79' lang='lat' dir='ltr'>xl</span> 
     </span>
    </p>
   </div>
   <div class='ocr_carea' id='block_1_2' title="bbox 93 563 1297 4446">
    <p class='ocr_par' dir='ltr' id='par_1_2' title="bbox 93 563 1297 4446">
     <span class='ocr_line' id='line_1_2' title="bbox 163 563 1292 645; baseline -0.003 -14"><span class='ocrx_word' id='word_1_5' title='bbox 163 572 310 641; x_wconf 81' lang='lat' dir='ltr'>alterum,</span> <span class='ocrx_word' id='word_1_6' title='bbox 344 584 384 630; x_wconf 90' lang='lat' dir='ltr'>an</span> <span class='ocrx_word' id='word_1_7' title='bbox 408 576 531 645; x_wconf 70' lang='lat' dir='ltr'>conae,</span> <span class='ocrx_word' id='word_1_8' title='bbox 563 583 672 630; x_wconf 88' lang='lat' dir='ltr'>verum</span> <span class='ocrx_word' id='word_1_9' title='bbox 702 582 774 628; x_wconf 88' lang='lat' dir='ltr'>osse</span> <span class='ocrx_word' id='word_1_10' title='bbox 795 563 908 627; x_wconf 90' lang='lat' dir='ltr'>docuit·</span> <span class='ocrx_word' id='word_1_11' title='bbox 923 583 993 626; x_wconf 90' lang='lat' dir='ltr'>eum</span> <span class='ocrx_word' id='word_1_12' title='bbox 1015 563 1170 638; x_wconf 82' lang='lat' dir='ltr'>ordinem,</span> <span class='ocrx_word' id='word_1_13' title='bbox 1201 581 1292 640; x_wconf 90' lang='lat' dir='ltr'>quem</span> 
     </span>
     <span class='ocr_line' id='line_1_3' title="bbox 163 665 1294 750; baseline -0.005 -16"><span class='ocrx_word' id='word_1_14' title='bbox 163 671 233 750; x_wconf 90' lang='lat' dir='ltr'>ipso</span> <span class='ocrx_word' id='word_1_15' title='bbox 259 678 387 734; x_wconf 90' lang='lat' dir='ltr'>auctore</span> <span class='ocrx_word' id='word_1_16' title='bbox 406 677 535 732; x_wconf 87' lang='lat' dir='ltr'>secutus</span> <span class='ocrx_word' id='word_1_17' title='bbox 559 685 638 732; x_wconf 74' lang='lat' dir='ltr'>siun.</span> <span class='ocrx_word' id='word_1_18' title='bbox 685 669 784 744; x_wconf 77' lang='lat' dir='ltr'>Quum</span> <span class='ocrx_word' id='word_1_19' title='bbox 803 667 884 730; x_wconf 90' lang='lat' dir='ltr'>enim</span> <span class='ocrx_word' id='word_1_20' title='bbox 902 665 1015 744; x_wconf 89' lang='lat' dir='ltr'>prioris</span> <span class='ocrx_word' id='word_1_21' title='bbox 1040 665 1104 729; x_wconf 90' lang='lat' dir='ltr'>lolii</span> <span class='ocrx_word' id='word_1_22' title='bbox 1132 668 1294 730; x_wconf 77' lang='lat' dir='ltr'>columnae</span> 
     </span>
     <span class='ocr_line' id='line_1_4' title="bbox 165 767 1294 852; baseline -0.008 -15"><span class='ocrx_word' id='word_1_23' title='bbox 165 781 311 852; x_wconf 86' lang='lat' dir='ltr'>quattuor</span> <span class='ocrx_word' id='word_1_24' title='bbox 331 781 439 852; x_wconf 89' lang='lat' dir='ltr'>aperte</span> <span class='ocrx_word' id='word_1_25' title='bbox 466 773 546 836; x_wconf 87' lang='lat' dir='ltr'>inter</span> <span class='ocrx_word' id='word_1_26' title='bbox 565 790 601 834; x_wconf 86' lang='lat' dir='ltr'>se</span> <span class='ocrx_word' id='word_1_27' title='bbox 621 771 823 844; x_wconf 77' lang='lat' dir='ltr'>cohaereant,</span> <span class='ocrx_word' id='word_1_28' title='bbox 854 787 955 848; x_wconf 88' lang='lat' dir='ltr'>neque</span> <span class='ocrx_word' id='word_1_29' title='bbox 983 769 1083 832; x_wconf 88' lang='lat' dir='ltr'>minue</span> <span class='ocrx_word' id='word_1_30' title='bbox 1113 774 1231 830; x_wconf 89' lang='lat' dir='ltr'>certum</span> <span class='ocrx_word' id='word_1_31' title='bbox 1253 767 1294 828; x_wconf 88' lang='lat' dir='ltr'>sit</span> 
     </span>
     <span class='ocr_line' id='line_1_5' title="bbox 162 871 1293 954; baseline -0.006 -13"><span class='ocrx_word' id='word_1_32' title='bbox 162 878 255 940; x_wconf 82' lang='lat' dir='ltr'>etiarn</span> <span class='ocrx_word' id='word_1_33' title='bbox 273 885 383 940; x_wconf 80' lang='lat' dir='ltr'>sextae</span> <span class='ocrx_word' id='word_1_34' title='bbox 404 893 442 938; x_wconf 89' lang='lat' dir='ltr'>ac</span> <span class='ocrx_word' id='word_1_35' title='bbox 464 875 616 954; x_wconf 84' lang='lat' dir='ltr'>septimae</span> <span class='ocrx_word' id='word_1_36' title='bbox 638 875 799 935; x_wconf 77' lang='lat' dir='ltr'>columnae</span> <span class='ocrx_word' id='word_1_37' title='bbox 820 875 1007 950; x_wconf 67' lang='lat' dir='ltr'>Fragmenta</span> <span class='ocrx_word' id='word_1_38' title='bbox 1025 871 1106 934; x_wconf 89' lang='lat' dir='ltr'>iuter</span> <span class='ocrx_word' id='word_1_39' title='bbox 1126 889 1161 934; x_wconf 89' lang='lat' dir='ltr'>se</span> <span class='ocrx_word' id='word_1_40' title='bbox 1183 872 1293 934; x_wconf 87' lang='lat' dir='ltr'>cohae-</span> 
     </span>
     <span class='ocr_line' id='line_1_6' title="bbox 166 973 1292 1060; baseline -0.007 -16"><span class='ocrx_word' id='word_1_41' title='bbox 166 999 248 1056; x_wconf 88' lang='lat' dir='ltr'>rere,</span> <span class='ocrx_word' id='word_1_42' title='bbox 282 979 430 1060; x_wconf 88' lang='lat' dir='ltr'>quoniam</span> <span class='ocrx_word' id='word_1_43' title='bbox 463 975 494 1040; x_wconf 90' lang='lat' dir='ltr'>in</span> <span class='ocrx_word' id='word_1_44' title='bbox 529 975 587 1038; x_wconf 89' lang='lat' dir='ltr'>illis</span> <span class='ocrx_word' id='word_1_45' title='bbox 618 973 736 1036; x_wconf 88' lang='lat' dir='ltr'>Varinii</span> <span class='ocrx_word' id='word_1_46' title='bbox 769 974 881 1038; x_wconf 81' lang='lat' dir='ltr'>milites</span> <span class='ocrx_word' id='word_1_47' title='bbox 910 975 1022 1054; x_wconf 81' lang='lat' dir='ltr'>parlim</span> <span class='ocrx_word' id='word_1_48' title='bbox 1051 975 1189 1038; x_wconf 84' lang='lat' dir='ltr'>autumni</span> <span class='ocrx_word' id='word_1_49' title='bbox 1224 993 1292 1052; x_wconf 84' lang='lat' dir='ltr'>gra·</span> 
     </span>
     <span class='ocr_line' id='line_1_7' title="bbox 166 1077 1293 1160; baseline -0.004 -16"><span class='ocrx_word' id='word_1_50' title='bbox 166 1081 257 1146; x_wconf 88' lang='lat' dir='ltr'>vitate</span> <span class='ocrx_word' id='word_1_51' title='bbox 279 1083 365 1160; x_wconf 81' lang='lat' dir='ltr'>aegri</span> <span class='ocrx_word' id='word_1_52' title='bbox 390 1080 505 1154; x_wconf 89' lang='lat' dir='ltr'>luisse,</span> <span class='ocrx_word' id='word_1_53' title='bbox 532 1077 642 1155; x_wconf 86' lang='lat' dir='ltr'>partim</span> <span class='ocrx_word' id='word_1_54' title='bbox 664 1095 704 1140; x_wconf 84' lang='lat' dir='ltr'>ex</span> <span class='ocrx_word' id='word_1_55' title='bbox 728 1079 801 1156; x_wconf 80' lang='lat' dir='ltr'>luga</span> <span class='ocrx_word' id='word_1_56' title='bbox 826 1078 976 1156; x_wconf 79' lang='lat' dir='ltr'>adsigna</span> <span class='ocrx_word' id='word_1_57' title='bbox 1000 1096 1065 1141; x_wconf 91' lang='lat' dir='ltr'>non</span> <span class='ocrx_word' id='word_1_58' title='bbox 1085 1079 1235 1154; x_wconf 90' lang='lat' dir='ltr'>rediisse,</span> <span class='ocrx_word' id='word_1_59' title='bbox 1261 1085 1293 1140; x_wconf 91' lang='lat' dir='ltr'>ct</span> 
     </span>
     <span class='ocr_line' id='line_1_8' title="bbox 165 1179 1291 1262; baseline -0.003 -16"><span class='ocrx_word' id='word_1_60' title='bbox 165 1187 269 1250; x_wconf 90' lang='lat' dir='ltr'>relicui</span> <span class='ocrx_word' id='word_1_61' title='bbox 299 1185 438 1250; x_wconf 87' lang='lat' dir='ltr'>militiam</span> <span class='ocrx_word' id='word_1_62' title='bbox 463 1183 656 1244; x_wconf 78' lang='lat' dir='ltr'>detrectasse</span> <span class='ocrx_word' id='word_1_63' title='bbox 681 1179 841 1262; x_wconf 86' lang='lat' dir='ltr'>dicuutur,</span> <span class='ocrx_word' id='word_1_64' title='bbox 877 1181 908 1242; x_wconf 88' lang='lat' dir='ltr'>in</span> <span class='ocrx_word' id='word_1_65' title='bbox 946 1181 1079 1259; x_wconf 87' lang='lat' dir='ltr'>septima</span> <span class='ocrx_word' id='word_1_66' title='bbox 1112 1192 1214 1248; x_wconf 87' lang='lat' dir='ltr'>aulem</span> <span class='ocrx_word' id='word_1_67' title='bbox 1241 1199 1291 1244; x_wconf 91' lang='lat' dir='ltr'>co·</span> 
     </span>
     <span class='ocr_line' id='line_1_9' title="bbox 167 1285 1293 1368; baseline -0.003 -17"><span class='ocrx_word' id='word_1_68' title='bbox 167 1291 269 1352; x_wconf 89' lang='lat' dir='ltr'>lumna</span> <span class='ocrx_word' id='word_1_69' title='bbox 290 1289 475 1368; x_wconf 62' lang='lat' dir='ltr'>Spartacum</span> <span class='ocrx_word' id='word_1_70' title='bbox 499 1288 682 1362; x_wconf 75' lang='lat' dir='ltr'>priusquam</span> <span class='ocrx_word' id='word_1_71' title='bbox 708 1285 823 1360; x_wconf 82' lang='lat' dir='ltr'>resecto</span> <span class='ocrx_word' id='word_1_72' title='bbox 845 1288 981 1348; x_wconf 74' lang='lat' dir='ltr'>crarta</span> <span class='ocrx_word' id='word_1_73' title='bbox 1008 1289 1125 1354; x_wconf 74' lang='lat' dir='ltr'>caeam</span> <span class='ocrx_word' id='word_1_74' title='bbox 1152 1289 1293 1348; x_wconf 70' lang='lat' dir='ltr'>Variatur</span> 
     </span>
     <span class='ocr_line' id='line_1_10' title="bbox 167 1385 1292 1467; baseline -0.002 -15"><span class='ocrx_word' id='word_1_75' title='bbox 167 1391 207 1452; x_wconf 89' lang='lat' dir='ltr'>ad</span> <span class='ocrx_word' id='word_1_76' title='bbox 226 1393 321 1454; x_wconf 83' lang='lat' dir='ltr'>Nares</span> <span class='ocrx_word' id='word_1_77' title='bbox 342 1393 485 1452; x_wconf 86' lang='lat' dir='ltr'>Lucanas</span> <span class='ocrx_word' id='word_1_78' title='bbox 505 1395 599 1466; x_wconf 83' lang='lat' dir='ltr'>atque</span> <span class='ocrx_word' id='word_1_79' title='bbox 621 1387 695 1452; x_wconf 90' lang='lat' dir='ltr'>inde</span> <span class='ocrx_word' id='word_1_80' title='bbox 724 1390 765 1450; x_wconf 89' lang='lat' dir='ltr'>ad</span> <span class='ocrx_word' id='word_1_81' title='bbox 786 1385 869 1450; x_wconf 83' lang='lat' dir='ltr'>Auni</span> <span class='ocrx_word' id='word_1_82' title='bbox 888 1388 1003 1450; x_wconf 85' lang='lat' dir='ltr'>Forum</span> <span class='ocrx_word' id='word_1_83' title='bbox 1028 1390 1212 1467; x_wconf 88' lang='lat' dir='ltr'>pervenisse</span> <span class='ocrx_word' id='word_1_84' title='bbox 1232 1395 1292 1450; x_wconf 89' lang='lat' dir='ltr'>tra-</span> 
     </span>
     <span class='ocr_line' id='line_1_11' title="bbox 170 1489 1291 1569; baseline 0 -17"><span class='ocrx_word' id='word_1_85' title='bbox 170 1493 273 1566; x_wconf 86' lang='lat' dir='ltr'>datur,</span> <span class='ocrx_word' id='word_1_86' title='bbox 309 1495 379 1554; x_wconf 84' lang='lat' dir='ltr'>luae</span> <span class='ocrx_word' id='word_1_87' title='bbox 418 1490 542 1558; x_wconf 82' lang='lat' dir='ltr'>clarius</span> <span class='ocrx_word' id='word_1_88' title='bbox 560 1498 608 1553; x_wconf 90' lang='lat' dir='ltr'>est</span> <span class='ocrx_word' id='word_1_89' title='bbox 640 1492 692 1556; x_wconf 90' lang='lat' dir='ltr'>illa</span> <span class='ocrx_word' id='word_1_90' title='bbox 732 1493 763 1554; x_wconf 93' lang='lat' dir='ltr'>in</span> <span class='ocrx_word' id='word_1_91' title='bbox 804 1489 980 1554; x_wconf 85' lang='lat' dir='ltr'>narratione</span> <span class='ocrx_word' id='word_1_92' title='bbox 1019 1491 1155 1569; x_wconf 86' lang='lat' dir='ltr'>priorem</span> <span class='ocrx_word' id='word_1_93' title='bbox 1190 1493 1291 1554; x_wconf 87' lang='lat' dir='ltr'>locum</span> 
     </span>
     <span class='ocr_line' id='line_1_12' title="bbox 93 1592 1293 1674; baseline -0.002 -16"><span class='ocrx_word' id='word_1_94' title='bbox 93 1631 94 1636; x_wconf 20' lang='grc' dir='ltr'><strong>κ</strong></span> <span class='ocrx_word' id='word_1_95' title='bbox 171 1595 355 1670; x_wconf 87' lang='lat' dir='ltr'>obtinuisse,</span> <span class='ocrx_word' id='word_1_96' title='bbox 384 1595 462 1662; x_wconf 82' lang='lat' dir='ltr'>haec</span> <span class='ocrx_word' id='word_1_97' title='bbox 481 1595 655 1662; x_wconf 84' lang='lat' dir='ltr'>subsecuta</span> <span class='ocrx_word' id='word_1_98' title='bbox 679 1613 761 1658; x_wconf 89' lang='lat' dir='ltr'>esse.</span> <span class='ocrx_word' id='word_1_99' title='bbox 806 1597 852 1658; x_wconf 90' lang='lat' dir='ltr'>lta</span> <span class='ocrx_word' id='word_1_100' title='bbox 880 1610 975 1672; x_wconf 88' lang='lat' dir='ltr'>quum</span> <span class='ocrx_word' id='word_1_101' title='bbox 999 1592 1202 1674; x_wconf 74' lang='lat' dir='ltr'>Kreyssigius</span> <span class='ocrx_word' id='word_1_102' title='bbox 1231 1611 1293 1672; x_wconf 89' lang='lat' dir='ltr'>ope</span> 
     </span>
     <span class='ocr_line' id='line_1_13' title="bbox 169 1694 1293 1778; baseline 0.003 -20"><span class='ocrx_word' id='word_1_103' title='bbox 169 1698 335 1776; x_wconf 83' lang='lat' dir='ltr'>apographi</span> <span class='ocrx_word' id='word_1_104' title='bbox 357 1697 552 1762; x_wconf 84' lang='lat' dir='ltr'>Niebuhriani</span> <span class='ocrx_word' id='word_1_105' title='bbox 571 1699 727 1778; x_wconf 79' lang='lat' dir='ltr'>egregiam</span> <span class='ocrx_word' id='word_1_106' title='bbox 740 1699 931 1776; x_wconf 76' lang='lat' dir='ltr'>Fragmentis</span> <span class='ocrx_word' id='word_1_107' title='bbox 954 1694 1147 1764; x_wconf 83' lang='lat' dir='ltr'>sallustianis</span> <span class='ocrx_word' id='word_1_108' title='bbox 1166 1712 1293 1774; x_wconf 88' lang='lat' dir='ltr'>operam</span> 
     </span>
     <span class='ocr_line' id='line_1_14' title="bbox 166 1799 1291 1880; baseline -0.002 -16"><span class='ocrx_word' id='word_1_109' title='bbox 166 1800 384 1880; x_wconf 83' lang='lat' dir='ltr'>praestitisset,</span> <span class='ocrx_word' id='word_1_110' title='bbox 407 1801 488 1864; x_wconf 84' lang='lat' dir='ltr'>felici</span> <span class='ocrx_word' id='word_1_111' title='bbox 511 1803 648 1880; x_wconf 87' lang='lat' dir='ltr'>quodam</span> <span class='ocrx_word' id='word_1_112' title='bbox 671 1819 747 1869; x_wconf 84' lang='lat' dir='ltr'>casu</span> <span class='ocrx_word' id='word_1_113' title='bbox 769 1805 884 1866; x_wconf 87' lang='lat' dir='ltr'>laetum</span> <span class='ocrx_word' id='word_1_114' title='bbox 904 1809 967 1876; x_wconf 86' lang='lat' dir='ltr'>est,</span> <span class='ocrx_word' id='word_1_115' title='bbox 985 1801 1174 1876; x_wconf 77' lang='lat' dir='ltr'>utlagatus</span> <span class='ocrx_word' id='word_1_116' title='bbox 1192 1799 1291 1864; x_wconf 84' lang='lat' dir='ltr'>Maius</span> 
     </span>
     <span class='ocr_line' id='line_1_15' title="bbox 166 1903 1292 1970; baseline 0.004 -5"><span class='ocrx_word' id='word_1_117' title='bbox 166 1903 284 1966; x_wconf 85' lang='lat' dir='ltr'>eadem.</span> <span class='ocrx_word' id='word_1_118' title='bbox 304 1904 334 1966; x_wconf 92' lang='lat' dir='ltr'>in</span> <span class='ocrx_word' id='word_1_119' title='bbox 364 1904 572 1968; x_wconf 86' lang='lat' dir='ltr'>Classicorum</span> <span class='ocrx_word' id='word_1_120' title='bbox 600 1913 762 1968; x_wconf 88' lang='lat' dir='ltr'>auctorum</span> <span class='ocrx_word' id='word_1_121' title='bbox 787 1923 805 1968; x_wconf 88' lang='lat' dir='ltr'>e</span> <span class='ocrx_word' id='word_1_122' title='bbox 826 1905 985 1968; x_wconf 87' lang='lat' dir='ltr'>Vaticanis</span> <span class='ocrx_word' id='word_1_123' title='bbox 1008 1904 1169 1970; x_wconf 89' lang='lat' dir='ltr'>codicibus</span> <span class='ocrx_word' id='word_1_124' title='bbox 1195 1907 1292 1970; x_wconf 69' lang='lat' dir='ltr'>edito·</span> 
     </span>
     <span class='ocr_line' id='line_1_16' title="bbox 163 2006 1291 2086; baseline 0.004 -18"><span class='ocrx_word' id='word_1_125' title='bbox 163 2023 234 2068; x_wconf 90' lang='lat' dir='ltr'>rum</span> <span class='ocrx_word' id='word_1_126' title='bbox 259 2009 345 2071; x_wconf 85' lang='lat' dir='ltr'>Tour.</span> <span class='ocrx_word' id='word_1_127' title='bbox 370 2010 409 2083; x_wconf 92' lang='lat' dir='ltr'>l.,</span> <span class='ocrx_word' id='word_1_128' title='bbox 432 2010 551 2074; x_wconf 84' lang='lat' dir='ltr'>Romae</span> <span class='ocrx_word' id='word_1_129' title='bbox 577 2006 685 2083; x_wconf 85' lang='lat'>1828.,</span> <span class='ocrx_word' id='word_1_130' title='bbox 709 2027 742 2086; x_wconf 92' lang='lat' dir='ltr'>p.</span> <span class='ocrx_word' id='word_1_131' title='bbox 770 2007 967 2070; x_wconf 76' lang='lat' dir='ltr'>lli-425.</span> <span class='ocrx_word' id='word_1_132' title='bbox 993 2025 1033 2072; x_wconf 86' lang='lat' dir='ltr'>ex</span> <span class='ocrx_word' id='word_1_133' title='bbox 1061 2007 1140 2085; x_wconf 87' lang='lat' dir='ltr'>ipsis</span> <span class='ocrx_word' id='word_1_134' title='bbox 1167 2010 1291 2072; x_wconf 69' lang='lat' dir='ltr'>scheme</span> 
     </span>
     <span class='ocr_line' id='line_1_17' title="bbox 164 2108 1292 2188; baseline 0.004 -16"><span class='ocrx_word' id='word_1_135' title='bbox 164 2108 322 2175; x_wconf 86' lang='lat' dir='ltr'>Vaticanis</span> <span class='ocrx_word' id='word_1_136' title='bbox 348 2112 523 2187; x_wconf 81' lang='lat' dir='ltr'>evulgaret,</span> <span class='ocrx_word' id='word_1_137' title='bbox 559 2127 728 2188; x_wconf 88' lang='lat' dir='ltr'>earumque</span> <span class='ocrx_word' id='word_1_138' title='bbox 761 2111 1028 2176; x_wconf 85' lang='lat' dir='ltr'>accuratissimum</span> <span class='ocrx_word' id='word_1_139' title='bbox 1050 2117 1082 2174; x_wconf 90' lang='lat' dir='ltr'>et</span> <span class='ocrx_word' id='word_1_140' title='bbox 1109 2112 1228 2176; x_wconf 80' lang='lat' dir='ltr'>affabre</span> <span class='ocrx_word' id='word_1_141' title='bbox 1250 2115 1292 2177; x_wconf 89' lang='lat' dir='ltr'>la-</span> 
     </span>
     <span class='ocr_line' id='line_1_18' title="bbox 163 2211 1292 2290; baseline 0.008 -20"><span class='ocrx_word' id='word_1_142' title='bbox 163 2216 246 2275; x_wconf 89' lang='lat' dir='ltr'>ctum</span> <span class='ocrx_word' id='word_1_143' title='bbox 291 2215 467 2290; x_wconf 79' lang='lat' dir='ltr'>exernplum</span> <span class='ocrx_word' id='word_1_144' title='bbox 505 2213 604 2274; x_wconf 89' lang='lat' dir='ltr'>tribus</span> <span class='ocrx_word' id='word_1_145' title='bbox 636 2213 748 2278; x_wconf 89' lang='lat' dir='ltr'>tabulis</span> <span class='ocrx_word' id='word_1_146' title='bbox 784 2213 890 2278; x_wconf 88' lang='lat' dir='ltr'>aeneis</span> <span class='ocrx_word' id='word_1_147' title='bbox 925 2211 1122 2278; x_wconf 88' lang='lat' dir='ltr'>incidendum</span> <span class='ocrx_word' id='word_1_148' title='bbox 1160 2223 1292 2278; x_wconf 88' lang='lat' dir='ltr'>curaret.</span> 
     </span>
     <span class='ocr_line' id='line_1_19' title="bbox 163 2313 1292 2396; baseline 0.004 -20"><span class='ocrx_word' id='word_1_149' title='bbox 163 2313 356 2390; x_wconf 81' lang='lat' dir='ltr'>Quauquam</span> <span class='ocrx_word' id='word_1_150' title='bbox 398 2320 504 2375; x_wconf 89' lang='lat' dir='ltr'>autem</span> <span class='ocrx_word' id='word_1_151' title='bbox 540 2313 640 2378; x_wconf 87' lang='lat' dir='ltr'>Maius</span> <span class='ocrx_word' id='word_1_152' title='bbox 677 2319 854 2396; x_wconf 84' lang='lat' dir='ltr'>complura,</span> <span class='ocrx_word' id='word_1_153' title='bbox 894 2316 926 2381; x_wconf 91' lang='lat' dir='ltr'>in</span> <span class='ocrx_word' id='word_1_154' title='bbox 960 2315 1072 2394; x_wconf 88' lang='lat' dir='ltr'>quibus</span> <span class='ocrx_word' id='word_1_155' title='bbox 1105 2317 1292 2382; x_wconf 86' lang='lat' dir='ltr'>extricandie</span> 
     </span>
     <span class='ocr_line' id='line_1_20' title="bbox 161 2412 1292 2498; baseline 0.009 -24"><span class='ocrx_word' id='word_1_156' title='bbox 161 2412 347 2478; x_wconf 88' lang='lat' dir='ltr'>Niebuhrius</span> <span class='ocrx_word' id='word_1_157' title='bbox 383 2414 498 2476; x_wconf 83' lang='lat' dir='ltr'>frustra</span> <span class='ocrx_word' id='word_1_158' title='bbox 526 2417 716 2493; x_wconf 87' lang='lat' dir='ltr'>laborasset,</span> <span class='ocrx_word' id='word_1_159' title='bbox 750 2419 912 2484; x_wconf 87' lang='lat' dir='ltr'>oculorum</span> <span class='ocrx_word' id='word_1_160' title='bbox 941 2418 1008 2482; x_wconf 88' lang='lat' dir='ltr'>acie</span> <span class='ocrx_word' id='word_1_161' title='bbox 1036 2427 1068 2482; x_wconf 91' lang='lat' dir='ltr'>et</span> <span class='ocrx_word' id='word_1_162' title='bbox 1094 2420 1292 2498; x_wconf 87' lang='lat' dir='ltr'>antiquorum</span> 
     </span>
     <span class='ocr_line' id='line_1_21' title="bbox 162 2515 1292 2602; baseline 0.007 -24"><span class='ocrx_word' id='word_1_163' title='bbox 162 2515 304 2581; x_wconf 86' lang='lat' dir='ltr'>codicum</span> <span class='ocrx_word' id='word_1_164' title='bbox 333 2519 537 2602; x_wconf 77' lang='lat' dir='ltr'>legendorum</span> <span class='ocrx_word' id='word_1_165' title='bbox 565 2537 686 2590; x_wconf 88' lang='lat' dir='ltr'>summa</span> <span class='ocrx_word' id='word_1_166' title='bbox 710 2523 819 2600; x_wconf 88' lang='lat' dir='ltr'>peritia</span> <span class='ocrx_word' id='word_1_167' title='bbox 846 2523 965 2586; x_wconf 79' lang='lat' dir='ltr'>felicius</span> <span class='ocrx_word' id='word_1_168' title='bbox 986 2523 1080 2599; x_wconf 88' lang='lat' dir='ltr'>eruit,</span> <span class='ocrx_word' id='word_1_169' title='bbox 1105 2541 1167 2601; x_wconf 91' lang='lat' dir='ltr'>quo</span> <span class='ocrx_word' id='word_1_170' title='bbox 1189 2523 1292 2602; x_wconf 88' lang='lat' dir='ltr'>irnpri·</span> 
     </span>
     <span class='ocr_line' id='line_1_22' title="bbox 160 2618 1290 2704; baseline 0.009 -24"><span class='ocrx_word' id='word_1_171' title='bbox 160 2618 220 2682; x_wconf 86' lang='lat' dir='ltr'>mie</span> <span class='ocrx_word' id='word_1_172' title='bbox 241 2619 302 2684; x_wconf 88' lang='lat' dir='ltr'>hoc</span> <span class='ocrx_word' id='word_1_173' title='bbox 324 2619 473 2684; x_wconf 84' lang='lat' dir='ltr'>ellectum</span> <span class='ocrx_word' id='word_1_174' title='bbox 494 2629 559 2704; x_wconf 88' lang='lat' dir='ltr'>est,</span> <span class='ocrx_word' id='word_1_175' title='bbox 584 2628 619 2686; x_wconf 90' lang='lat' dir='ltr'>ut</span> <span class='ocrx_word' id='word_1_176' title='bbox 641 2625 680 2684; x_wconf 88' lang='lat' dir='ltr'>de</span> <span class='ocrx_word' id='word_1_177' title='bbox 702 2641 786 2686; x_wconf 89' lang='lat' dir='ltr'>nexu</span> <span class='ocrx_word' id='word_1_178' title='bbox 807 2629 971 2688; x_wconf 89' lang='lat' dir='ltr'>columnae</span> <span class='ocrx_word' id='word_1_179' title='bbox 993 2625 1118 2702; x_wconf 87' lang='lat' dir='ltr'>quintae</span> <span class='ocrx_word' id='word_1_180' title='bbox 1141 2625 1290 2702; x_wconf 88' lang='lat' dir='ltr'>divulsae,</span> 
     </span>
     <span class='ocr_line' id='line_1_23' title="bbox 160 2721 1292 2802; baseline 0.011 -20"><span class='ocrx_word' id='word_1_181' title='bbox 160 2739 256 2798; x_wconf 90' lang='lat' dir='ltr'>quem</span> <span class='ocrx_word' id='word_1_182' title='bbox 282 2721 484 2800; x_wconf 77' lang='lat' dir='ltr'>Kreyssigius</span> <span class='ocrx_word' id='word_1_183' title='bbox 511 2724 690 2794; x_wconf 82' lang='lat' dir='ltr'>coniectura</span> <span class='ocrx_word' id='word_1_184' title='bbox 719 2735 884 2792; x_wconf 88' lang='lat' dir='ltr'>assecutus</span> <span class='ocrx_word' id='word_1_185' title='bbox 913 2730 1030 2802; x_wconf 89' lang='lat' dir='ltr'>lucrat,</span> <span class='ocrx_word' id='word_1_186' title='bbox 1051 2727 1113 2790; x_wconf 92' lang='lat' dir='ltr'>iam</span> <span class='ocrx_word' id='word_1_187' title='bbox 1134 2730 1218 2799; x_wconf 85' lang='lat' dir='ltr'>nulla</span> <span class='ocrx_word' id='word_1_188' title='bbox 1238 2731 1292 2796; x_wconf 90' lang='lat' dir='ltr'>du-</span> 
     </span>
     <span class='ocr_line' id='line_1_24' title="bbox 158 2822 1291 2907; baseline 0.01 -24"><span class='ocrx_word' id='word_1_189' title='bbox 158 2822 268 2884; x_wconf 87' lang='lat' dir='ltr'>bitatio</span> <span class='ocrx_word' id='word_1_190' title='bbox 297 2823 538 2906; x_wconf 82' lang='lat' dir='ltr'>relinqueretur,</span> <span class='ocrx_word' id='word_1_191' title='bbox 567 2825 734 2890; x_wconf 85' lang='lat' dir='ltr'>inordina</span> <span class='ocrx_word' id='word_1_192' title='bbox 761 2837 864 2894; x_wconf 90' lang='lat' dir='ltr'>tamen</span> <span class='ocrx_word' id='word_1_193' title='bbox 893 2831 1148 2907; x_wconf 82' lang='lat' dir='ltr'>Fragmentorum</span> <span class='ocrx_word' id='word_1_194' title='bbox 1179 2831 1291 2894; x_wconf 85' lang='lat' dir='ltr'>consti·</span> 
     </span>
     <span class='ocr_line' id='line_1_25' title="bbox 158 2922 1292 3008; baseline 0.011 -24"><span class='ocrx_word' id='word_1_195' title='bbox 158 2922 279 2986; x_wconf 89' lang='lat' dir='ltr'>tuendo</span> <span class='ocrx_word' id='word_1_196' title='bbox 300 2929 364 2991; x_wconf 80' lang='lat' dir='ltr'>tam</span> <span class='ocrx_word' id='word_1_197' title='bbox 381 2923 540 3002; x_wconf 87' lang='lat' dir='ltr'>sinistrum</span> <span class='ocrx_word' id='word_1_198' title='bbox 554 2943 590 2986; x_wconf 89' lang='lat' dir='ltr'>se</span> <span class='ocrx_word' id='word_1_199' title='bbox 605 2935 637 2988; x_wconf 88' lang='lat' dir='ltr'>ct</span> <span class='ocrx_word' id='word_1_200' title='bbox 657 2929 782 3004; x_wconf 79' lang='lat' dir='ltr'>ingenio</span> <span class='ocrx_word' id='word_1_201' title='bbox 803 2934 947 2996; x_wconf 84' lang='lat' dir='ltr'>hebetem</span> <span class='ocrx_word' id='word_1_202' title='bbox 969 2932 1118 3007; x_wconf 84' lang='lat' dir='ltr'>ostendit,</span> <span class='ocrx_word' id='word_1_203' title='bbox 1132 2940 1175 3008; x_wconf 64' lang='lat' dir='ltr'>‚ut</span> <span class='ocrx_word' id='word_1_204' title='bbox 1190 2933 1292 2996; x_wconf 89' lang='lat' dir='ltr'>omnia</span> 
     </span>
     <span class='ocr_line' id='line_1_26' title="bbox 145 3024 1292 3110; baseline 0.01 -22"><span class='ocrx_word' id='word_1_205' title='bbox 145 3027 382 3106; x_wconf 83' lang='lat' dir='ltr'>contunderet,</span> <span class='ocrx_word' id='word_1_206' title='bbox 401 3039 524 3086; x_wconf 87' lang='lat' dir='ltr'>summa</span> <span class='ocrx_word' id='word_1_207' title='bbox 539 3024 610 3091; x_wconf 84' lang='lat' dir='ltr'>imis</span> <span class='ocrx_word' id='word_1_208' title='bbox 632 3028 790 3106; x_wconf 89' lang='lat' dir='ltr'>misceret,</span> <span class='ocrx_word' id='word_1_209' title='bbox 816 3039 848 3096; x_wconf 88' lang='lat' dir='ltr'>et</span> <span class='ocrx_word' id='word_1_210' title='bbox 874 3050 893 3094; x_wconf 86' lang='lat' dir='ltr'>a</span> <span class='ocrx_word' id='word_1_211' title='bbox 915 3051 989 3095; x_wconf 91' lang='lat' dir='ltr'>vero</span> <span class='ocrx_word' id='word_1_212' title='bbox 1013 3035 1123 3096; x_wconf 88' lang='lat' dir='ltr'>mirum</span> <span class='ocrx_word' id='word_1_213' title='bbox 1143 3042 1292 3110; x_wconf 85' lang='lat' dir='ltr'>quantum</span> 
     </span>
     <span class='ocr_line' id='line_1_27' title="bbox 157 3129 1293 3212; baseline 0.006 -21"><span class='ocrx_word' id='word_1_214' title='bbox 157 3129 330 3192; x_wconf 87' lang='lat' dir='ltr'>aberraret.</span> <span class='ocrx_word' id='word_1_215' title='bbox 374 3129 451 3204; x_wconf 77' lang='lat' dir='ltr'>Nam</span> <span class='ocrx_word' id='word_1_216' title='bbox 473 3143 513 3190; x_wconf 87' lang='lat' dir='ltr'>cx</span> <span class='ocrx_word' id='word_1_217' title='bbox 535 3131 680 3192; x_wconf 84' lang='lat' dir='ltr'>columna</span> <span class='ocrx_word' id='word_1_218' title='bbox 700 3131 800 3209; x_wconf 87' lang='lat' dir='ltr'>prima</span> <span class='ocrx_word' id='word_1_219' title='bbox 817 3133 889 3196; x_wconf 88' lang='lat' dir='ltr'>lecit</span> <span class='ocrx_word' id='word_1_220' title='bbox 912 3133 1065 3212; x_wconf 91' lang='lat' dir='ltr'>quintam,</span> <span class='ocrx_word' id='word_1_221' title='bbox 1092 3151 1132 3194; x_wconf 85' lang='lat' dir='ltr'>ex</span> <span class='ocrx_word' id='word_1_222' title='bbox 1154 3138 1293 3198; x_wconf 85' lang='lat' dir='ltr'>secunda</span> 
     </span>
     <span class='ocr_line' id='line_1_28' title="bbox 157 3229 1292 3314; baseline 0.005 -20"><span class='ocrx_word' id='word_1_223' title='bbox 157 3237 362 3308; x_wconf 67' lang='lat' dir='ltr'>semiermes</span> <span class='ocrx_word' id='word_1_224' title='bbox 387 3229 478 3293; x_wconf 81' lang='lat' dir='ltr'>tertia</span> <span class='ocrx_word' id='word_1_225' title='bbox 507 3231 685 3310; x_wconf 76' lang='lat' dir='ltr'>septimam,</span> <span class='ocrx_word' id='word_1_226' title='bbox 714 3251 754 3298; x_wconf 87' lang='lat' dir='ltr'>ex</span> <span class='ocrx_word' id='word_1_227' title='bbox 778 3246 889 3314; x_wconf 82' lang='lat' dir='ltr'>quarta</span> <span class='ocrx_word' id='word_1_228' title='bbox 917 3245 1074 3311; x_wconf 85' lang='lat' dir='ltr'>octavam,</span> <span class='ocrx_word' id='word_1_229' title='bbox 1105 3253 1145 3298; x_wconf 87' lang='lat' dir='ltr'>ex</span> <span class='ocrx_word' id='word_1_230' title='bbox 1167 3236 1292 3314; x_wconf 86' lang='lat' dir='ltr'>quintae</span> 
     </span>
     <span class='ocr_line' id='line_1_29' title="bbox 156 3331 1292 3420; baseline 0.009 -24"><span class='ocrx_word' id='word_1_231' title='bbox 156 3332 269 3397; x_wconf 88' lang='lat' dir='ltr'>lacinia</span> <span class='ocrx_word' id='word_1_232' title='bbox 301 3331 428 3396; x_wconf 88' lang='lat' dir='ltr'>sinistra</span> <span class='ocrx_word' id='word_1_233' title='bbox 454 3349 583 3412; x_wconf 86' lang='lat' dir='ltr'>nonem,</span> <span class='ocrx_word' id='word_1_234' title='bbox 613 3353 653 3398; x_wconf 88' lang='lat' dir='ltr'>ex</span> <span class='ocrx_word' id='word_1_235' title='bbox 685 3339 810 3414; x_wconf 87' lang='lat' dir='ltr'>quintae</span> <span class='ocrx_word' id='word_1_236' title='bbox 838 3341 948 3406; x_wconf 86' lang='lat' dir='ltr'>lacinia</span> <span class='ocrx_word' id='word_1_237' title='bbox 963 3343 1085 3404; x_wconf 85' lang='lat' dir='ltr'>dextra</span> <span class='ocrx_word' id='word_1_238' title='bbox 1111 3341 1292 3420; x_wconf 84' lang='lat' dir='ltr'>secundam,</span> 
     </span>
     <span class='ocr_line' id='line_1_30' title="bbox 158 3433 1297 3521; baseline 0.013 -25"><span class='ocrx_word' id='word_1_239' title='bbox 158 3453 199 3496; x_wconf 85' lang='lat' dir='ltr'>ex</span> <span class='ocrx_word' id='word_1_240' title='bbox 223 3441 312 3496; x_wconf 85' lang='lat' dir='ltr'>sexta</span> <span class='ocrx_word' id='word_1_241' title='bbox 332 3433 469 3511; x_wconf 83' lang='lat' dir='ltr'>tertiam,</span> <span class='ocrx_word' id='word_1_242' title='bbox 495 3454 535 3498; x_wconf 87' lang='lat' dir='ltr'>ex</span> <span class='ocrx_word' id='word_1_243' title='bbox 557 3438 690 3516; x_wconf 91' lang='lat' dir='ltr'>septima</span> <span class='ocrx_word' id='word_1_244' title='bbox 711 3452 866 3521; x_wconf 86' lang='lat' dir='ltr'>quartam,</span> <span class='ocrx_word' id='word_1_245' title='bbox 895 3463 936 3510; x_wconf 85' lang='lat' dir='ltr'>err</span> <span class='ocrx_word' id='word_1_246' title='bbox 964 3451 1095 3514; x_wconf 82' lang='lat' dir='ltr'>octavae</span> <span class='ocrx_word' id='word_1_247' title='bbox 1116 3444 1227 3510; x_wconf 82' lang='lat' dir='ltr'>lacinia</span> <span class='ocrx_word' id='word_1_248' title='bbox 1247 3446 1297 3510; x_wconf 81' lang='lat' dir='ltr'>si·-</span> 
     </span>
     <span class='ocr_line' id='line_1_31' title="bbox 157 3535 1291 3626; baseline 0.015 -28"><span class='ocrx_word' id='word_1_249' title='bbox 157 3535 258 3598; x_wconf 89' lang='lat' dir='ltr'>nistra</span> <span class='ocrx_word' id='word_1_250' title='bbox 287 3535 431 3613; x_wconf 82' lang='lat' dir='ltr'>prunam,</span> <span class='ocrx_word' id='word_1_251' title='bbox 465 3554 505 3598; x_wconf 87' lang='lat' dir='ltr'>ex</span> <span class='ocrx_word' id='word_1_252' title='bbox 538 3547 667 3606; x_wconf 86' lang='lat' dir='ltr'>octavae</span> <span class='ocrx_word' id='word_1_253' title='bbox 699 3545 808 3608; x_wconf 87' lang='lat' dir='ltr'>lacinia</span> <span class='ocrx_word' id='word_1_254' title='bbox 846 3549 956 3612; x_wconf 81' lang='lat' dir='ltr'>dextra</span> <span class='ocrx_word' id='word_1_255' title='bbox 989 3547 1150 3611; x_wconf 85' lang='lat' dir='ltr'>decunarrr.</span> <span class='ocrx_word' id='word_1_256' title='bbox 1205 3551 1291 3626; x_wconf 83' lang='lat' dir='ltr'>Quos</span> 
     </span>
     <span class='ocr_line' id='line_1_32' title="bbox 157 3638 1291 3736; baseline 0.012 -34"><span class='ocrx_word' id='word_1_257' title='bbox 157 3638 228 3702; x_wconf 87' lang='lat' dir='ltr'>eius</span> <span class='ocrx_word' id='word_1_258' title='bbox 252 3653 376 3703; x_wconf 87' lang='lat' dir='ltr'>errores</span> <span class='ocrx_word' id='word_1_259' title='bbox 404 3645 439 3701; x_wconf 89' lang='lat' dir='ltr'>ut</span> <span class='ocrx_word' id='word_1_260' title='bbox 457 3640 621 3707; x_wconf 78' lang='lat' dir='ltr'>refelleret</span> <span class='ocrx_word' id='word_1_261' title='bbox 648 3663 685 3708; x_wconf 85' lang='lat' dir='ltr'>ac</span> <span class='ocrx_word' id='word_1_262' title='bbox 706 3647 797 3713; x_wconf 86' lang='lat' dir='ltr'>simul</span> <span class='ocrx_word' id='word_1_263' title='bbox 820 3649 1291 3736; x_wconf 67' lang='lat' dir='ltr'>cognitis‚cautioribuslactio-¹</span> 
     </span>
     <span class='ocr_line' id='line_1_33' title="bbox 156 3741 1287 3833; baseline 0.012 -29"><span class='ocrx_word' id='word_1_264' title='bbox 156 3741 265 3806; x_wconf 20' lang='lat' dir='ltr'>nibus*</span> <span class='ocrx_word' id='word_1_265' title='bbox 284 3741 324 3804; x_wconf 89' lang='lat' dir='ltr'>ad</span> <span class='ocrx_word' id='word_1_266' title='bbox 358 3742 553 3805; x_wconf 89' lang='lat' dir='ltr'>emendanda</span> <span class='ocrx_word' id='word_1_267' title='bbox 588 3745 724 3812; x_wconf 89' lang='lat' dir='ltr'>Sallustii</span> <span class='ocrx_word' id='word_1_268' title='bbox 763 3753 860 3816; x_wconf 87' lang='lat' dir='ltr'>verba</span> <span class='ocrx_word' id='word_1_269' title='bbox 890 3761 1044 3828; x_wconf 78' lang='lat' dir='ltr'>uteretur,</span> <span class='ocrx_word' id='word_1_270' title='bbox 1086 3755 1287 3833; x_wconf 78' lang='lat' dir='ltr'>Kreyssigius</span> 
     </span>
     <span class='ocr_line' id='line_1_34' title="bbox 156 3843 1287 3934; baseline 0.004 -19"><span class='ocrx_word' id='word_1_271' title='bbox 156 3843 230 3906; x_wconf 74' lang='lat' dir='ltr'>Maii</span> <span class='ocrx_word' id='word_1_272' title='bbox 250 3844 290 3904; x_wconf 70' lang='lat' dir='ltr'>de</span> <span class='ocrx_word' id='word_1_273' title='bbox 312 3843 469 3920; x_wconf 70' lang='lat' dir='ltr'>Vaticanis</span> <span class='ocrx_word' id='word_1_274' title='bbox 494 3843 687 3922; x_wconf 79' lang='lat' dir='ltr'>Fragmentis</span> <span class='ocrx_word' id='word_1_275' title='bbox 712 3853 953 3932; x_wconf 86' lang='lat' dir='ltr'>disputationem</span> <span class='ocrx_word' id='word_1_276' title='bbox 974 3855 1059 3934; x_wconf 73' lang='lat' dir='ltr'>typis</span> <span class='ocrx_word' id='word_1_277' title='bbox 1084 3860 1287 3934; x_wconf 87' lang='lat' dir='ltr'>repetendam</span> 
     </span>
     <span class='ocr_line' id='line_1_35' title="bbox 135 3945 1287 4030; baseline 0.013 -23"><span class='ocrx_word' id='word_1_278' title='bbox 135 3945 288 4027; x_wconf 75' lang='lat' dir='ltr'>curavit,</span> <span class='ocrx_word' id='word_1_279' title='bbox 312 3945 536 4023; x_wconf 86' lang='lat' dir='ltr'>succinctaque</span> <span class='ocrx_word' id='word_1_280' title='bbox 558 3955 777 4021; x_wconf 86' lang='lat' dir='ltr'>commentario</span> <span class='ocrx_word' id='word_1_281' title='bbox 794 3957 976 4030; x_wconf 83' lang='lat' dir='ltr'>instructam</span> <span class='ocrx_word' id='word_1_282' title='bbox 998 3957 1089 4020; x_wconf 88' lang='lat' dir='ltr'>sirnul</span> <span class='ocrx_word' id='word_1_283' title='bbox 1109 3977 1180 4024; x_wconf 85' lang='lat' dir='ltr'>cum</span> <span class='ocrx_word' id='word_1_284' title='bbox 1203 3962 1287 4025; x_wconf 84' lang='lat' dir='ltr'>endi-</span> 
     </span>
     <span class='ocr_line' id='line_1_36' title="bbox 155 4045 1287 4138; baseline 0.011 -28"><span class='ocrx_word' id='word_1_285' title='bbox 155 4047 215 4110; x_wconf 64' lang='lat' dir='ltr'>cisr</span> <span class='ocrx_word' id='word_1_286' title='bbox 229 4046 371 4110; x_wconf 88' lang='lat' dir='ltr'>Vaticani</span> <span class='ocrx_word' id='word_1_287' title='bbox 399 4051 542 4126; x_wconf 85' lang='lat' dir='ltr'>exemplo</span> <span class='ocrx_word' id='word_1_288' title='bbox 574 4052 668 4130; x_wconf 87' lang='lat' dir='ltr'>lapidi</span> <span class='ocrx_word' id='word_1_289' title='bbox 696 4057 846 4138; x_wconf 83' lang='lat' dir='ltr'>inscripto</span> <span class='ocrx_word' id='word_1_290' title='bbox 874 4059 983 4135; x_wconf 89' lang='lat' dir='ltr'>edidit,</span> <span class='ocrx_word' id='word_1_291' title='bbox 1017 4045 1156 4124; x_wconf 76' lang='lat' dir='ltr'>maenae</span> <span class='ocrx_word' id='word_1_292' title='bbox 1196 4061 1287 4124; x_wconf 82' lang='lat'>1830.</span> 
     </span>
     <span class='ocr_line' id='line_1_37' title="bbox 154 4149 1288 4244; baseline 0.011 -32"><span class='ocrx_word' id='word_1_293' title='bbox 154 4151 252 4212; x_wconf 87' lang='lat' dir='ltr'>Paulo</span> <span class='ocrx_word' id='word_1_294' title='bbox 283 4157 357 4228; x_wconf 91' lang='lat' dir='ltr'>post</span> <span class='ocrx_word' id='word_1_295' title='bbox 390 4167 418 4210; x_wconf 88' lang='lat' dir='ltr'>a.</span> <span class='ocrx_word' id='word_1_296' title='bbox 454 4149 545 4212; x_wconf 84' lang='lat'>1831.</span> <span class='ocrx_word' id='word_1_297' title='bbox 581 4155 699 4230; x_wconf 90' lang='lat' dir='ltr'>prodiit</span> <span class='ocrx_word' id='word_1_298' title='bbox 734 4161 953 4225; x_wconf 83' lang='lat' dir='ltr'>Gerlachianae</span> <span class='ocrx_word' id='word_1_299' title='bbox 984 4160 1128 4230; x_wconf 76' lang='lat' dir='ltr'>eddonis</span> <span class='ocrx_word' id='word_1_300' title='bbox 1162 4163 1288 4244; x_wconf 83' lang='lat' dir='ltr'>maioris</span> 
     </span>
     <span class='ocr_line' id='line_1_38' title="bbox 153 4249 1288 4338; baseline 0.01 -25"><span class='ocrx_word' id='word_1_301' title='bbox 153 4253 228 4314; x_wconf 90' lang='lat' dir='ltr'>Vol.</span> <span class='ocrx_word' id='word_1_302' title='bbox 254 4255 320 4327; x_wconf 89' lang='lat' dir='ltr'>lll.,</span> <span class='ocrx_word' id='word_1_303' title='bbox 345 4269 407 4328; x_wconf 91' lang='lat' dir='ltr'>quo</span> <span class='ocrx_word' id='word_1_304' title='bbox 427 4254 666 4324; x_wconf 84' lang='lat' dir='ltr'>commentarius</span> <span class='ocrx_word' id='word_1_305' title='bbox 694 4279 788 4337; x_wconf 87' lang='lat' dir='ltr'>quum</span> <span class='ocrx_word' id='word_1_306' title='bbox 808 4265 849 4325; x_wconf 88' lang='lat' dir='ltr'>ad</span> <span class='ocrx_word' id='word_1_307' title='bbox 870 4269 974 4328; x_wconf 84' lang='lat' dir='ltr'>cetera</span> <span class='ocrx_word' id='word_1_308' title='bbox 993 4249 1190 4338; x_wconf 78' lang='lat' dir='ltr'>Fragmenta,</span> <span class='ocrx_word' id='word_1_309' title='bbox 1224 4270 1288 4327; x_wconf 90' lang='lat' dir='ltr'>tum</span> 
     </span>
     <span class='ocr_line' id='line_1_39' title="bbox 153 4347 1286 4446; baseline 0.005 -28"><span class='ocrx_word' id='word_1_310' title='bbox 153 4355 196 4418; x_wconf 89' lang='lat' dir='ltr'>ad</span> <span class='ocrx_word' id='word_1_311' title='bbox 235 4353 311 4416; x_wconf 89' lang='lat' dir='ltr'>haec</span> <span class='ocrx_word' id='word_1_312' title='bbox 342 4353 492 4434; x_wconf 85' lang='lat' dir='ltr'>Vaticana</span> <span class='ocrx_word' id='word_1_313' title='bbox 523 4347 707 4446; x_wconf 68' lang='lat' dir='ltr'>conaretur.</span> <span class='ocrx_word' id='word_1_314' title='bbox 757 4354 843 4427; x_wconf 79' lang='lat' dir='ltr'>Eius</span> <span class='ocrx_word' id='word_1_315' title='bbox 868 4363 937 4426; x_wconf 86' lang='lat' dir='ltr'>libri</span> <span class='ocrx_word' id='word_1_316' title='bbox 965 4360 1131 4442; x_wconf 86' lang='lat' dir='ltr'>peculiaris</span> <span class='ocrx_word' id='word_1_317' title='bbox 1163 4362 1286 4431; x_wconf 86' lang='lat' dir='ltr'>indoles</span> 
     </span>
    </p>
   </div>
   <div class='ocr_carea' id='block_1_3' title="bbox 0 0 1552 4962">
    <p class='ocr_par' dir='ltr' id='par_1_3' title="bbox 0 0 1552 4962">
     <span class='ocr_line' id='line_1_40' title="bbox 0 0 1552 4962; baseline 0 1"><span class='ocrx_word' id='word_1_318' title='bbox 0 0 1552 4962; x_wconf 95' lang='lat' dir='ltr'> </span> 
     </span>
    </p>
   </div>
  </div>
 </body>
</html>
