3096 4962
510 413 513 419 -
584 385 615 442 c.
641 383 951 444 sarnusncrusrr
1011 351 1012 354 ‘
1085 389 1090 408 =

326 579 384 646 25.¹
403 573 546 658 bellum,
567 525 686 666 quibus
706 575 823 664 posset
844 571 1109 660 condicionibus,
1133 572 1308 646 desineret.

224 812 404 893 θέμενον,
427 810 561 875 ἐκέλευον
581 803 640 891 ὅπη
656 805 776 874 δύναιτο
791 803 942 895 εὐπρεπῶς
958 807 1176 892 διαλυσάμενον
1189 811 1309 876 ἐπικου-

225 903 288 979 ρεῖν
302 902 340 980 τῇ
359 898 478 979 πατρίδι
498 895 741 982 πολιορκουμένῃ.
755 933 798 943 -
819 903 925 961 Procul
946 905 1029 977 igitur
1049 905 1085 960 de
1101 901 1254 977 Campania
1268 906 1309 959 in·

225 987 416 1060 telligendum,
432 988 478 1044 ubi
487 987 614 1042 Metellus
624 1005 687 1042 cum
696 991 820 1043 exercitu
828 997 904 1057 erat;
921 1007 948 1044 v.
960 989 997 1045 ad
1007 991 1054 1045 Fr.
1063 1006 1121 1060 seq.
1133 1019 1174 1032 -·
1189 989 1309 1062 Lonpe

184 1121 185 1125 ,
220 1088 288 1146 spes
299 1079 342 1129 est
356 1089 421 1130 sera
429 1073 613 1145 Ηλυτρίκαοα
636 1088 707 1144 paee
721 1074 750 1127 ia
766 1075 875 1146 lcapum
892 1074 1064 1145 extenditur,
1089 1079 1118 1129 ut
1132 1077 1206 1130 recte
1221 1075 1310 1146 expli-

225 1164 270 1213 cat
284 1157 426 1214 Bentleius
448 1158 485 1213 ad
499 1157 595 1212 Horat.
609 1157 643 1212 A.
659 1158 686 1211 e
703 1160 761 1216 172
784 1161 868 1214 ubere
891 1159 926 1214 de
941 1159 996 1214 hoc
1018 1177 1071 1214 usu
1087 1157 1252 1229 disputans;
1274 1161 1309 1215 ei.

226 1243 325 1300 Senec
340 1245 391 1316 Ep.
407 1249 451 1302 22.
486 1241 558 1309 Quid
572 1246 658 1314 erpa?
679 1245 734 1296 lam
756 1243 884 1331 tenpus
905 1259 988 1316 spes
1003 1245 1177 1316 relinquam?
1196 1244 1258 1300 ab
1248 1259 1311 1316 apsa

225 1342 313 1383 merse
327 1329 476 1384 recedam?

309 1414 353 1468 Fr
367 1419 409 1472 25.
440 1410 530 1486 [Cart.
544 1428 571 1481 p.
588 1415 664 1470 1009.
696 1405 769 1466 Gerl.
786 1410 830 1466 ed.
846 1414 909 1468 mai.
923 1413 978 1468 lnc.
996 1415 1054 1471 147.
1075 1411 1119 1467 ed.
1135 1413 1201 1467 min.
1222 1413 1309 1479 Ι,19.

225 1517 251 1572 p.
269 1501 381 1567 181,,9.
411 1498 491 1553 bebr.
506 1496 532 1564 l,
548 1500 591 1554 28.
606 1496 651 1563 Ill,
673 1495 718 1570 5.]
756 1497 851 1552 Verba
865 1497 946 1566 haec,
962 1515 979 1553 a
994 1497 1093 1554 Servio
1108 1497 1146 1554 ad
1160 1499 1238 1570 Virg.
1253 1498 1311 1553 Eel.

226 1585 268 1653 V,
285 1585 325 1641 19.
342 1585 402 1640 sine
415 1583 478 1639 libri
494 1581 598 1636 indicio
614 1582 707 1650 allata,
717 1582 752 1636 'in
768 1581 889 1636 confinio
907 1583 994 1638 luisse
1010 1583 1208 1654 praecedentis
1224 1583 1245 1638 F
1248 1599 1312 1654 rag·

225 1668 310 1724 menti
331 1669 405 1723 clare
426 1667 594 1738 perspicitur
609 1682 645 1718 ex
661 1665 762 1720 eodem
780 1664 905 1738 Appiani
917 1668 996 1735 loco,
1018 1683 1099 1738 quem
1115 1668 1152 1724 ad
1168 1667 1237 1724 illud
1252 1668 1312 1721 illu·

226 1751 371 1808 strandum
387 1751 573 1807 adhibuimus.
601 1750 672 1804 Nam
690 1767 762 1845 quae
779 1751 816 1806 ibi
833 1752 961 1822 leguntur
983 1711 1139 1808 ΙΙαικλλιον
1159 1745 1312 1809 Μέτελλον

225 1820 1311 1934 -ἒκέλενονοπηδυναιτοευπρεποῖςδιαλυσαμενονέπικου

226 1920 289 1997 ρεῖν
313 1919 350 1999 τῇ
369 1915 489 1996 πατρίδι
517 1911 753 1998 πολιορκουμένῃ
779 1919 931 1976 ostendunt
952 1921 1114 1979 Sallustium
1140 1921 1246 1978 dixisse
1276 1920 1311 1976 de

226 2005 365 2061 mandatis
382 2023 406 2060 a.
421 2007 464 2063 87.
481 2021 505 2059 a.
522 2002 586 2059 Chr.
601 2019 627 2057 n.
643 2006 677 2059 ab
694 2003 810 2060 Octavio
828 2008 944 2062 consule
961 2012 1115 2078 senatuque
1133 2006 1259 2061 Romano
1275 2005 1313 2064 ad

226 2090 369 2146 Metellum
384 2090 489 2159 missis,
503 2095 534 2144 ut
544 2087 697 2146 Samnitico
712 2091 787 2146 bello
803 2107 886 2162 quam
897 2096 996 2164 posset
1009 2091 1154 2146 celerrime
1168 2090 1245 2146 linito
1258 2091 1312 2147 Ro-

226 2192 300 2230 mam
321 2191 383 2230 cum
408 2176 533 2230 exercitu
554 2173 750 2246 contenderet,
773 2191 845 2246 quae
868 2179 955 2233 verba
969 2183 1033 2232 sunt
1054 2171 1167 2231 Linlieri
1189 2175 1225 2230 de
1245 2173 1311 2232 Sall.

224 2260 341 2316 Historr
352 2262 478 2316 Prooem
492 2277 518 2332 p.
530 2265 572 2320 61.
588 2260 622 2314 cl.
637 2260 698 2317 Dio.
709 2260 789 2316 Cass.
800 2262 910 2358 Fragm.
919 2261 1012 2317 Ursin.
1022 2265 1081 2321 166.
1096 2278 1123 2333 p
1133 2263 1177 2320 70.
1189 2259 1311 2316 Reimar-

226 2332 279 2402 Οἱ
277 2344 409 2446 Ρωμαῖοι
417 2335 623 2412 encraticarum
632 2329 706 2437 πρὸς
715 2331 897 2418 ἀλλήλους
870 2363 922 2402 τον
930 2339 1084 2441 Μέτελλρν
1093 2337 1313 2439 μετεπέμψαντο

225 2423 471 2496 κελευσαντες
493 2445 591 2505 ecca
612 2443 706 2524 προς
726 2446 813 2496 τους
834 2416 1066 2497 Σαυνίτας
1049 2415 1242 2496 οπωςποτ’
1268 2415 1314 2485 ὃν
1359 2450 1371 2466 .

225 2502 389 2614 δυνιρται
407 2483 610 2605 συμβῆναι·
633 2493 724 2568 οὗτοι
734 2501 792 2588 γὰρ
811 2502 907 2568 ἔνι’
867 2530 937 2570 τοτε
958 2501 1043 2585 μόνοι
1064 2501 1119 2585 τὴν
1133 2508 1313 2608 Καμπανίαν

226 2589 277 2653 καλ
290 2614 347 2670 την
360 2580 544 2653 ἕπέκεινα’
507 2593 599 2669 αυτῆς
613 2585 824 2674 ἕκακουργουν.
847 2596 886 2651 ld
901 2599 936 2654 lb.
950 2597 995 2652 Fr.
1009 2599 1068 2655 172
1082 2612 1110 2667 p.
1122 2600 1165 2655 72.
1194 2583 1252 2654 Οἱ
1250 2595 1311 2654 Ρω-

226 2681 310 2755 μαῖοι
330 2680 384 2738 τοῦ
411 2674 556 2754 ἐμφυλίου
577 2672 706 2753 πολέμου
726 2666 959 2752 ἐνεστηκότος
930 2698 983 2736 τον
1003 2673 1156 2738 Μέτελλον
1175 2675 1278 2755 peteret
1276 2699 1312 2756 μ.

226 2775 324 2838 ψαντο
339 2755 525 2832 κελεύσαντες
539 2761 673 2839 βοηθεῖν.
708 2763 791 2832 Quod
807 2764 843 2820 ad
858 2768 1009 2822 verborum
1025 2770 1191 2822 structuram
1206 2768 1311 2836 attinet,

225 2851 322 2906 bellum
337 2851 476 2906 obiectum
492 2856 535 2905 est
549 2850 684 2905 desineret
704 2851 800 2918 verbi,
822 2851 903 2906 euius
920 2851 1074 2906 subiectum
1089 2850 1214 2908 Metellae
1232 2853 1311 2925 cogi

224 2935 326 2992 tandus
347 2940 398 2992 est.
441 2935 575 2992 Βατίνιον
594 2934 667 2990 εΙΙΙΙΙΙ
688 2936 835 2994 transitive
864 2953 950 2992 sensu
973 2939 1049 2993 valet
1071 2936 1186 3009 efficere
1204 2942 1235 2994 ut
1259 2939 1311 2994 αλλ

225 3021 293 3093 quid
305 3021 420 3092 desinet,
437 3021 498 3076 sive
513 3022 598 3077 elicui
609 3036 651 3076 ree
647 3020 772 3093 ἸῙΙκεοι
761 3036 918 3094 ιτκμοκττας
935 3022 970 3076 cl.
986 3022 1053 3078 Geli.
1069 3023 1128 3078 NN
1143 3021 1203 3080 Aa
1219 3023 1251 3090 ll,
1267 3028 1311 3091 12,

224 3105 298 3160 med.
326 3106 410 3163 Solon
431 3123 486 3162 non
501 3107 541 3162 οιλ
553 3106 717 3179 ακματιλαικ,
734 3107 786 3162 sed
798 3107 844 3161 ad
856 3107 1084 3162 desinendam
1098 3106 1312 3162 seditionem

225 3192 309 3266 lepem
322 3192 398 3258 benc
408 3206 467 3248 esee
481 3193 596 3248 dicebat.
625 3192 701 3246 Haec
714 3190 793 3244 verbi
807 3195 932 3260 potestas
947 3193 1068 3258 cognata
1081 3193 1125 3244 est
1136 3205 1200 3244 cum
1215 3191 1311 3258 altera,

225 3293 280 3349 qua
299 3277 440 3348 significat
461 3278 583 3346 aliquam
603 3289 663 3330 rem
683 3275 818 3342 emittere,
840 3273 901 3328 sive
920 3286 1032 3326 cessere
1046 3271 1081 3326 ab
1095 3273 1190 3344 alique
1204 3287 1255 3335 τας
1276 3276 1310 3328 ci.

224 3359 280 3416 Cic.
296 3362 365 3432 Epp.
383 3358 420 3414 ad
434 3360 539 3414 Famm.
557 3358 624 3425 Vll,
645 3364 675 3425 1,
690 3361 733 3415 14.
750 3355 890 3416 ,Libenter
906 3353 1061 3412 mehercule
1078 3361 1193 3412 artem
1212 3358 1310 3414 deri-

223 3458 351 3500 nerem.
383 3442 496 3499 Sueten.
517 3441 607 3496 Tiber
630 3440 795 3498 e..xxxvl
820 3440 1150 3504 Mathematicisartem
1171 3443 1310 3500 desitu-

223 3544 282 3584 ros
290 3526 511 3600 promittentibus
525 3529 631 3582 venium
644 3525 726 3582 dedit.
753 3525 820 3581 Geli.
836 3526 895 3582 NN.
914 3525 975 3581 ΑΑ.
989 3525 1057 3595 XV,
1073 3529 1115 3586 16
1145 3525 1312 3596 Quaerere

224 3619 342 3668 artem
355 3611 565 3669 athleticum
580 3611 802 3667 desisset.—
830 3611 1000 3668 Debrossius
1015 3611 1109 3668 verbis
1126 3612 1250 3708 Appiani
1275 3613 1311 3668 de

223 3698 255 3756 B.
274 3697 369 3753 Mithr.
384 3714 407 3752 e.
424 3701 467 3756 bt.
489 3713 516 3768 p.
539 3699 599 3754 718.
617 3696 663 3751 ed
681 3695 842 3768 Schweigb.
861 3681 1068 3752 uetarettev’
1065 3687 1207 3776 Αρχελαμ
1225 3693 1311 3752 δια-

224 3772 348 3850 λύσεις
370 3767 416 3850 ὦς
432 3768 587 3836 levam
607 3767 801 3858 ευπρτπολς
822 3768 1064 3855 ἐργασασθαι
1086 3780 1220 3843 seductus
1236 3783 1310 3855 trag-

224 3873 346 3923 mentum
362 3866 462 3921 iterum
483 3865 552 3921 libro
568 3865 604 3920 ΙΙΙ
612 3865 791 3936 ,bposuit‚
813 3866 860 3922 ubi
881 3865 961 3937 lingit
974 3867 1078 3921 bellurn
1092 3865 1310 3922 Mithridaticum

222 3952 343 4023 primum
359 3954 499 4030 narratum
522 3950 619 4006 luisse.
654 3948 713 4006 Sed
733 3951 795 4006 eius
817 3951 883 4007 belli
898 3966 990 4022 neque
1006 3951 1061 4006 alio
1078 3951 1160 4020 loco,
1183 3967 1267 4023 quam
1281 3953 1310 4006 in

222 4036 293 4092 libro
308 4036 397 4108 primu
412 4035 502 4107 potuit
519 4037 623 4091 mentio
641 4035 703 4090 lien
718 4035 755 4104 (
757 4033 782 4088 l.
794 4036 815 4091 F
818 4052 840 4090 Ι
855 4036 882 4104 l,
905 4039 949 4094 20.
957 4037 994 4104 ),
1009 4051 1100 4106 neque
1117 4037 1230 4092 omnino
1245 4053 1309 4106 pro-

222 4121 313 4176 babile
328 4126 371 4178 est
382 4118 544 4178 Sallustium
556 4121 713 4177 accuratius
731 4119 766 4176 de
781 4137 816 4176 eo
829 4121 949 4193 egisse.
965 4119 1057 4188 Quare
1069 4135 1228 4186 censemus,
1245 4135 1310 4174 eum

223 4206 312 4262 obiter
327 4210 432 4260 tantum
450 4203 484 4260 de
501 4222 536 4262 eo
550 4207 623 4262 bello
641 4204 758 4273 dixisse,
778 4222 835 4261 non
849 4210 983 4277 quantum
993 4203 1163 4260 Mithridatis
1176 4219 1309 4274 magnum

223 4306 323 4354 ausum
335 4307 483 4362 rerumque
501 4295 644 4364 gestarum
658 4289 742 4364 copia
756 4281 785 4358 et
798 4288 962 4364 magnitudo
982 4292 1129 4362 posceret,
1154 4288 1206 4344 sed
1221 4301 1308 4360 quan-
