3098 4970
222 365 285 428 154
585 371 616 427 C.
639 371 813 431 SALLUSTI
834 370 948 430 CRISPI

322 562 374 628 ta.
412 557 780 650 Multiquecommeatus
795 557 985 630 interierant
994 556 1121 628 insidiis
1131 557 1305 628 latronum.

303 799 418 870 imperio
433 797 596 852 emittenda
609 796 676 867 fuit)
704 797 796 866 Quum
810 797 840 852 in
855 797 1038 869 palimpsesto
1053 797 1245 854 tantummodo
1260 816 1308 854 ex·

220 888 274 937 stet
288 880 483 939 IMPERIOCO
500 923 507 936 .
522 921 550 936 ..
568 882 788 950 NENDAFUIT,
810 883 935 938 Pertzius
952 884 1082 938 lacunam
1099 883 1139 938 sie
1155 884 1307 954 supplevit,

220 974 249 1022 ut
268 968 403 1023 scriberet
417 969 531 1040 imperio
553 968 790 1039 componenda
809 965 872 1038 fuit.
910 967 968 1024 Sed
988 983 1156 1039 quamquam
1173 974 1249 1024 recte
1266 969 1307 1024 di-

220 1053 292 1109 citnr
312 1067 374 1120 rea,
398 1051 608 1124 rempublicam,
630 1059 736 1108 terram
755 1067 921 1124 componere
941 1053 991 1122 (ct.
1009 1051 1067 1108 Cic.
1091 1052 1127 1108 de
1148 1052 1237 1125 Legg.
1260 1053 1307 1122 ill,

220 1142 322 1204 1819.
341 1138 402 1193 Liv.
415 1138 499 1205 XLV,
512 1141 554 1206 16,
565 1143 591 1195 9.
611 1136 697 1194 Tacit.
712 1137 786 1193 Ann.
800 1137 833 1206 ll,
849 1141 875 1206 d,
893 1145 917 1196 l.
936 1154 1007 1210 qnos
1024 1139 1103 1192 locos
1121 1137 1306 1210 Kreyssigius

220 1225 249 1278 in
265 1221 418 1278 Comment.
438 1241 467 1294 p.
482 1227 527 1280 19.
550 1223 666 1293 attulit),
691 1229 784 1278 tamen
800 1225 835 1278 ab
850 1223 904 1278 hoc
925 1224 989 1278 loco
1008 1237 1173 1294 componere
1187 1225 1306 1280 verbum

221 1309 342 1363 alienum
358 1315 415 1376 est,
437 1309 485 1364 ubi
500 1307 657 1380 quaestoris
673 1309 783 1364 romani
800 1309 948 1378 imperinm
964 1324 1028 1362 cum
1045 1307 1201 1379 superioris
1218 1308 1306 1380 magi-

219 1398 322 1449 stratus
338 1393 485 1449 domestici
507 1393 625 1464 imperio
641 1399 834 1465 comparatur,
859 1393 906 1464 qni
922 1397 998 1447 certe
1014 1389 1143 1464 Cyrenen
1160 1409 1217 1447 non
1231 1409 1306 1448 corn-

218 1483 362 1549 posuerat.
395 1478 511 1545 Melius,
534 1477 629 1546 etita,
651 1483 681 1532 ut
699 1477 735 1534 de
752 1479 868 1534 veritate
884 1477 1091 1534 emendationis
1107 1477 1229 1534 dubitari
1249 1493 1306 1534 non

218 1564 323 1634 possit,
350 1563 535 1636 Kreyssigius
557 1565 575 1617 l.
598 1564 617 1617 l.
639 1562 966 1633 reposuitcontinendm·
988 1578 1053 1618 narn
1074 1579 1159 1634 quum
1180 1579 1305 1620 summus

220 1647 425 1720 Cyrenensium
439 1648 621 1720 magistratus
636 1647 760 1718 modum,
779 1649 826 1720 qui
842 1647 953 1704 senatui
966 1663 1084 1702 romano
1099 1649 1234 1720 placeret,
1249 1664 1305 1704 non

218 1733 364 1800 tenuisset,
374 1733 427 1788 sed
442 1733 528 1787 nimia
543 1733 658 1788 licentia
669 1733 777 1804 egisset
791 1739 818 1787 et
837 1733 865 1788 in
881 1733 960 1788 cives
975 1733 1129 1789 insolenter
1144 1733 1304 1802 saeviisset,

220 1823 334 1873 senatus
350 1823 528 1888 quaestorem
543 1817 632 1885 misit,
655 1818 702 1889 qui
717 1817 1013 1890 novam'provinciam
1022 1819 1204 1890 prudentiore
1218 1820 1299 1890 trapa·

218 1905 261 1958 rio
277 1919 333 1957 non
349 1907 538 1973 componeret,
554 1901 606 1956 sed
620 1908 781 1970 coerceret,
799 1903 817 1958 i.
835 1919 861 1957 e.
878 1905 1035 1958 commarca
1066 1905 1153 1960 Usum
1167 1905 1306 1959 1111111111

219 1988 298 2053 verbi
314 1987 498 2059 Kreyssigius
519 1988 591 2042 bene
614 1987 765 2044 illustravit
788 1988 880 2044 allatis
901 1988 1040 2059 exemplis
1055 1986 1116 2044 his:
1143 1988 1203 2044 Liv.
1221 1988 1304 2057 XLV,

217 2077 262 2140 et,
278 2079 304 2134 9.
325 2071 432 2128 &dem
445 2074 578 2129 1111111111
591 2073 714 2144 imperii,
736 2089 819 2144 11111111
834 2088 909 2129 nnnc
923 2073 1049 2138 odorare.
1071 2077 1135 2130 tnnc
1151 2088 1197 2129 cos
1219 2089 1305 2129 con·

219 2159 336 2214 tinnit.
372 2156 412 2212 ld.
426 2156 526 2226 XXIX,
542 2153 586 2228 86,
603 2163 648 2216 10
669 2156 937 2214 neomaenias.
953 2160 1199 2225 contemnemus,
1222 2175 1306 2230 prom

216 2244 380 2300 aucarum
405 2249 514 2298 terrore
535 2242 679 2300 Ermerium
704 2245 869 2299 continet.
911 2241 1042 2311 XXXIX,
1063 2247 1113 2311 98,
1136 2249 1163 2302 a.
1189 2242 1306 2300 Multam
1372 2267 1375 2273 ·

162 2392 164 2396 Α
217 2329 257 2383 nd
269 2329 389 2401 reliquos
403 2327 571 2386 Macedones
592 2329 827 2384 continendos
846 2329 1004 2399 acceptum
1016 2328 1188 2399 pertinebat,
1214 2328 1304 2384 ubiv.

217 2413 429 2469 Drakenborch.
446 2411 528 2468 Caes.
543 2412 575 2468 B.
593 2413 624 2468 G
641 2413 677 2480 V,
692 2417 717 2482 8
732 2416 759 2472 6

303 2497 457 2553 Ρναειενεα
471 2497 642 2552 diversorum
656 2498 799 2566 ordbrum)
833 2498 943 2566 Quod
936 2515 965 2553 111
979 2497 1112 2568 palimps.
1134 2441 1304 2570 conspicitur

218 2581 408 2638 PRAETERl
431 2620 500 2636 ....
517 2579 715 2638 UERSCRUM
737 2582 883 2639 ORDINU.
906 2583 1031 2639 Pertzius
1056 2583 1125 2638 satis
1147 2585 1224 2638 bene
1240 2601 1304 2655 sup·

217 2668 321 2738 piavit,
335 2668 389 2722 nisi
407 2665 484 2738 qnod
493 2671 612 2739 proetm
626 2681 659 2724 ec
674 2667 788 2738 scripsit
802 2685 853 2740 pro
869 2674 1031 2740 praetereo.
1055 2666 1182 2724 Correxit
1198 2669 1227 2724 id
1245 2669 1304 2740 qui·

218 2751 283 2808 dem
298 2752 482 2826 Kreyssigius
498 2750 652 2808 Comment.
666 2769 695 2824 p.
712 2757 774 2821 223
797 2752 850 2812 sed
872 2753 949 2825 quod
970 2753 1153 2825 sententiam,
1177 2770 1248 2824 qnae
1264 2755 1304 2810 in·

217 2838 335 2907 tercidit,
357 2840 441 2893 talem
456 2838 514 2892 lere
528 2837 616 2892 tuisse
633 2837 806 2910 suspicatur:
824 2837 978 2899 Praeterea
992 2839 1163 2894 &versorum
1176 2839 1303 2896 ordiinum

216 2925 369 2980 certamina
395 2927 576 2991 ecoramunt,
605 2921 635 2978 id
658 2923 821 2982 non-modo
850 2925 1002 2992 incertum,
1033 2923 1085 2980 sed
1104 2940 1140 2978 ne
1159 2924 1303 2995 probabile

217 3009 332 3081 quidem
355 3016 405 3065 est.
436 3009 496 3066 Hoc
517 3011 592 3064 enim
613 3011 636 3065 si
655 3009 774 3066 dixisset
789 3009 957 3078 Sallustius,
979 3010 1055 3065 nullo
1071 3015 1154 3079 pacto
1170 3025 1207 3064 ex
1221 3025 1304 3080 supe-

206 3096 290 3150 riore
313 3095 466 3164 sententia,
495 3111 550 3166 qua
574 3093 610 3148 de
635 3098 720 3152 rebus
743 3093 951 3166 Cyrenensibus
974 3092 1058 3161 dixit,
1085 3109 1136 3164 per
1152 3102 1304 3165 praeterea

215 3183 397 3252 particulam,
421 3186 477 3254 qua
491 3179 591 3236 similis
608 3181 721 3251 generis
737 3195 783 3233 res
800 3177 967 3234 adiiciuntur
980 3179 1137 3250 prioribus,
1157 3179 1303 3236 transitum

217 3269 309 3322 lacere
325 3267 463 3338 potuisset
480 3265 516 3320 ad
525 3265 716 3320 Romanorum
734 3263 887 3318 discordias
897 3263 1068 3320 domestecis.
1100 3264 1203 3333 Quare,
1218 3281 1304 3336 quum

217 3351 300 3408 etiam
318 3367 353 3404 ex
367 3353 515 3407 columnae
532 3349 629 3404 tertiae
645 3348 824 3419 Fragrnento,
841 3365 897 3420 quo
912 3349 1044 3404 tumultus
1059 3349 1150 3420 plebis
1165 3355 1303 3416 narratur,

216 3435 311 3505 colligi
327 3436 418 3506 possit
433 3432 563 3488 ordinum
579 3433 729 3488 certamine
745 3450 808 3490 eum
823 3434 969 3490 tumultum
984 3449 1041 3490 non
1056 3450 1121 3490 esse
1136 3441 1235 3503 ortum,
1257 3435 1303 3492 hic
1364 3475 1367 3480 ·

216 3535 327 3590 quoque
344 3519 379 3573 dc
396 3519 452 3576 alia
466 3533 511 3587 re,
530 3533 602 3589 quae
618 3517 779 3590 ignoratur,
796 3519 843 3574 illa
861 3521 947 3575 verba
963 3519 1037 3574 dicta
1052 3536 1118 3574 esse
1137 3519 1248 3576 debent.

301 3605 346 3660 Fr.
370 3607 414 3662 ta.
451 3600 538 3678 [Cort.
557 3619 585 3674 p.
600 3607 661 3663 969.
688 3603 763 3659 Gerl.
780 3603 825 3658 ed.
842 3604 908 3659 mai.
930 3604 961 3674 ll,
976 3608 1021 3663 98.
1043 3604 1090 3662 ed.
1108 3605 1176 3660 min.
1197 3600 1243 3674 ΙΙΙ,
1258 3608 1303 3664 81.

217 3705 246 3759 p.
269 3688 551 3756 1981111111,
574 3683 646 3762 lta]
684 3688 743 3743 Hoc
764 3689 977 3761 Fragmentum,
1003 3689 1079 3762 quod
1108 3696 1200 3746 exstat
1227 3689 1304 3760 apud

218 3773 340 3829 Nonium
355 3774 403 3840 Vl,
419 3777 446 3832 9.
464 3775 619 3842 1144119.
635 3774 732 3842 Mera,
754 3774 820 3829 inde
837 3791 854 3828 a
869 3774 966 3830 Ilouza
985 3776 1155 3830 coniunctim
1170 3774 1304 3831 edebatur

217 3851 279 3914 cunr
295 3857 454 3929 praemisso
470 3858 567 3925 altero,
584 3858 660 3930 quod
678 3860 749 3914 lalso
766 3875 802 3914 ex
816 3859 840 3916 ΙΙ
856 3860 926 3914 libro
941 3861 1059 3926 relatum
1074 3859 1102 3914 iu
1118 3859 1154 3914 ΙΙΙ
1170 3861 1230 3928 (Fr.
1245 3861 1305 3928 at.)

214 3944 405 4000 transtulimus
420 3959 451 3996 re
473 3944 536 4014 ipsa
551 3940 706 4016 flagitante.
743 3945 813 4000 Nam
829 3944 905 4015 qnod
920 3946 966 4000 ille
980 3939 1059 4017 putat
1082 3961 1099 4000 a
1114 3945 1304 4016 grammaticis

216 4028 331 4085 divulsa
350 4046 414 4084 esse
434 4030 521 4084 verba
536 4030 601 4084 olim
620 4029 816 4084 cohaerentia:
847 4036 883 4084 at
898 4029 1083 4088 Lucullum
1099 4031 1198 4102 repis
1215 4045 1304 4086 earo

215 4113 428 4169 machinata
443 4113 559 4186 fames
574 4113 880 4187 brevisctipabot,
897 4116 1025 4188 multique
1039 4120 1205 4172 connecte
1220 4116 1304 4170 mter-

213 4200 304 4256 ierant
323 4199 428 4255 insidiis
445 4200 596 4268 latronum,
616 4231 658 4240 -
679 4201 741 4256 eius
755 4201 797 4254 rei
815 4216 906 4271 neque
923 4208 1068 4256 externum
1086 4198 1201 4271 aliquod
1222 4215 1305 4271 argu·

213 4291 336 4344 mentum
356 4290 415 4354 est,
436 4291 463 4341 et
485 4285 623 4343 internum
647 4283 827 4343 vehementer
849 4291 1005 4358 repugnat,
1030 4283 1174 4364 siquidem·
1193 4283 1229 4340 dc
1249 4285 1305 4340 Lu-
