3096 4962
451 411 498 469 ΑΙ)
521 410 717 470 ERNESTUM
741 410 1066 470 WUESTEMANNUM.
1261 421 1323 472 xm

192 611 270 658 oem.
294 611 324 672 p.
346 591 386 656 78
407 611 454 672 sq.
477 597 579 656 looum
601 593 680 672 Lydi
703 595 742 655 de
762 593 898 672 magistr.
924 613 953 671 p.
979 594 1047 656 119.
1070 595 1120 656 ed.
1140 593 1240 656 Beklr.
1268 587 1324 657 Τὰ

190 687 266 777 γὰρ
295 691 474 778 ἐπίσημα
502 695 584 754 σοῖν
607 687 826 776 ἀρχόντων
853 685 932 758 ἀπὸ
953 693 1157 758 audoaeno
1186 691 1324 778 λαβὼν

189 787 207 858 ὁ
232 787 390 878 βασιλεῦς
401 795 543 876 Νουμᾶς
564 796 604 878 τῇ
621 797 771 880 πολιτεία
783 793 973 879 stuppam,
996 789 1131 878 ὥςπερ
1154 793 1222 860 καὶ
1243 798 1325 859 τοῖν

189 889 329 959 ὅπλων
349 888 393 958 τὸ
417 890 631 979 δύσμαχον
648 889 725 960 ἀπὸ
745 897 952 962 Γαλατῶν.
996 893 1062 962 Καὶ
1083 892 1323 981 μάρτυρεςμὲν

190 993 321 1060 τούτων
344 989 367 1060 ὅ
389 1017 426 1062 τε
447 999 608 1063 Καπίτων
629 995 685 1061 ναὶ
701 991 889 1080 Φοντήιος,
920 997 953 1077 ἐξ
975 987 1025 1063 οἷν
1046 991 1139 1062 καὶὸ
1162 998 1323 1062 διδασκα-

190 1095 370 1174 landeata
391 1093 570 1185 Οὐάρρων,
587 1093 738 1182 Ῥωμαῖοι
760 1095 891 1177 πάντες.
923 1093 1002 1185 μεθ’
1027 1092 1088 1176 οὓς
1110 1095 1321 1177 Σαλούστιος

189 1190 287 1278 οὗτος
309 1195 338 1266 ὁ·
351 1197 521 1285 ἱστορικὸς
541 1201 593 1265 ἐπὶ
610 1204 668 1282 τῆς
688 1196 820 1284 πρώτης
835 1187 998 1286 ’ἱστορίας
1016 1203 1132 1284 σοφοῖς
1158 1194 1323 1266 ἀναδιδά-

189 1318 271 1379 σκει,
294 1323 334 1367 ex
356 1305 501 1367 Historiis
525 1306 723 1382 desumptum
740 1304 899 1368 iudicaret.
945 1307 1008 1368 Sed
1031 1307 1156 1367 dubium
1179 1323 1242 1368 non
1267 1311 1324 1380 est,

190 1405 263 1482 quin
287 1409 395 1483 Lydus
427 1406 585 1468 Catilinam
613 1406 804 1480 respexerit,
831 1406 884 1466 ubi
911 1423 937 1467 o.
957 1410 1009 1481 Li,
1032 1406 1081 1467 38.
1118 1408 1148 1466 ln
1182 1406 1323 1468 Caesaris

190 1509 332 1570 oratione
354 1509 432 1568 haec
454 1509 612 1582 leguntur:
641 1504 803 1579 „Maiores
826 1507 925 1568 nostri
949 1524 1034 1568 arma
1056 1515 1149 1582 atque
1166 1508 1228 1566 teta
1249 1507 1324 1566 mili-

189 1609 267 1670 Ian'a
287 1626 307 1670 a
327 1607 532 1682 Samnitibus,
562 1605 694 1682 insignia
721 1607 953 1682 magistratuum
982 1611 1020 1672 ab
1042 1608 1152 1671 Tuscis
1175 1609 1324 1685 ploraque

189 1715 426 1790 sumpserunt.“
480 1709 565 1785 Quae
596 1707 667 1769 huic
700 1709 872 1771 sententiae
902 1715 1027 1775 obstare
1055 1712 1214 1784 videntur,
1244 1708 1324 1768 laeili

190 1814 314 1891 negotio
336 1815 495 1875 tolluntur.
539 1811 616 1870 Nam
644 1812 730 1886 quod
751 1813 858 1889 Lydus
883 1818 1012 1878 Numam
1034 1813 1128 1878 tradit
1149 1813 1322 1874 Tuscorum

188 1916 320 1993 insignia
349 1914 583 1992 magistratuum
604 1911 634 1972 in
654 1913 808 1975 civitatem
831 1914 987 1993 intulisse,
1023 1917 1116 1981 ineo
1149 1933 1245 1976 uuum
1273 1915 1324 1997 vel

191 2021 294 2094 piures
321 2025 496 2079 ceterorum
524 2019 685 2075 suetorum
714 2016 869 2092 sequitur,
898 2035 960 2080 non
993 2017 1189 2090 Sallustium3
1219 2030 1323 2092 neque

166 2108 172 2117 “
191 2119 249 2180 alia
277 2135 317 2180 ex
343 2133 456 2180 oaussa
485 2116 688 2190 repetendum
711 2123 774 2192 est,
809 2121 894 2196 quod
925 2137 982 2198 pro
1007 2119 1210 2193 Samnitium,
1242 2133 1322 2194 quos

192 2221 356 2283 Sallustius
379 2217 530 2290 nominat,
561 2217 666 2288 Gallos
689 2217 772 2280 dicit.
815 2211 917 2281 Faeile
939 2230 1041 2284 autem
1064 2223 1093 2283 in
1116 2229 1179 2284 tam
1201 2220 1322 2281 levibus

192 2328 315 2400 poterat
329 2321 492 2383 dissensus
516 2335 587 2379 esse
607 2318 687 2378 inter
708 2319 888 2398 scriptores
912 2325 1013 2402 quiin
1037 2341 1158 2387 summa
1178 2339 1212 2383 re
1233 2324 1324 2399 plane

193 2441 262 2486 oum
289 2423 434 2485 Sallustio
464 2421 689 2498 conspirarent.
742 2423 912 2500 Aliquanto
939 2427 1088 2490 maiorem
1117 2424 1323 2488 offensionem

192 2528 306 2588 habere
334 2527 490 2600 videatur,
521 2526 607 2602 quod
629 2523 736 2599 Lydus
758 2524 893 2587 Sallustii
924 2529 1133 2591 testimonium
1160 2545 1199 2590 ex
1221 2531 1323 2605 prima

192 2629 259 2690 eius
289 2631 414 2691 liiswrla
446 2629 546 2690 ailert.
606 2626 670 2687 Sed
698 2627 797 2704 prima
823 2627 873 2690 illa
901 2630 1031 2692 historia
1058 2631 1131 2692 nihil
1157 2630 1241 2692 aliud
1264 2636 1322 2703 est,

192 2747 283 2808 quam
305 2731 445 2805 Catilina,
471 2729 630 2806 quomodo
654 2728 778 2788 ostendi
799 2730 841 2789 ad
862 2731 981 2808 Fragm.
1004 2736 1039 2808 ll,
1061 2735 1113 2795 67.
1134 2748 1164 2810 p.
1190 2731 1259 2794 181.
1281 2767 1324 2776 —-

192 2827 332 2894 Ridicule
354 2835 446 2908 piane
469 2831 649 2891 Geriaohius
671 2829 702 2887 in
724 2830 773 2888 ed.
797 2831 868 2892 min.
896 2836 959 2894 ino.
983 2834 1034 2896 86.
1056 2855 1086 2913 p.
1110 2835 1187 2910 240,
1207 2837 1237 2896 4.
1259 2841 1324 2896 tan-
1422 2873 1429 2878 -

195 2951 287 3010 quam
310 2947 426 2992 novum
442 2931 561 3004 Fragm.
578 2931 673 2988 refert
689 2935 852 2992 novissume
874 2936 1074 3011 voeabnlum,
1097 2955 1200 3015 neque
1221 2939 1325 2999 locum

193 3033 349 3108 indicans,
382 3033 467 3092 unde
488 3029 590 3107 petiit,
620 3045 724 3104 neque
746 3034 929 3092 reeordatus
953 3034 1001 3094 bis
1024 3035 1055 3093 id
1075 3038 1135 3113 legi
1157 3039 1187 3098 ip
1207 3041 1272 3113 lug.
1297 3053 1323 3096 ο.

192 3137 236 3210 X,
260 3133 289 3196 2.
314 3141 346 3194 et
368 3133 451 3208 XIX,
471 3135 503 3193 7.
525 3159 527 3164 ·
550 3133 633 3208 Quae
650 3130 763 3192 ibidem
790 3149 818 3192 ο.
841 3134 952 3207 XXXI,
978 3133 1028 3194 20.
1051 3136 1202 3198 habentur
1230 3139 1326 3197 verba

193 3241 318 3313 iudicia,
348 3239 426 3299 tetta
452 3244 540 3313 utque
565 3252 670 3312 paces,
693 3233 723 3296 in
746 3237 794 3298 ed.
812 3233 881 3296 mai.
905 3252 968 3296 non
992 3237 1093 3296 solum
1115 3255 1154 3298 ex
1177 3253 1326 3314 gramma·

193 3341 254 3402 deo
278 3341 398 3402 Incerto
420 3340 459 3400 de
480 3339 618 3416 orthogr.
646 3357 677 3416 p.
698 3337 791 3400 2794.
817 3337 942 3399 Putsoh.
968 3345 1113 3414 anquam
1129 3340 1250 3416 Fragm.
1271 3355 1326 3415 po-

195 3444 257 3504 suit
275 3443 305 3504 in
331 3443 392 3505 lno.
422 3440 507 3516 189.;
532 3443 590 3504 sed
613 3457 706 3516 quum
729 3441 813 3517 apud
833 3439 1013 3502 cledonium
1033 3459 1065 3518 p.
1091 3441 1181 3504 1898.
1199 3443 1324 3504 Putseh.

195 3561 234 3604 ex
255 3545 401 3607 Sallustio
426 3547 583 3608 laudatum
613 3542 783 3604 invenisset
804 3543 881 3602 bella
903 3551 991 3618 atque
1019 3561 1111 3620 paces
1138 3547 1325 3619 exercebant,

195 3648 272 3708 haee
291 3635 400 3708 rursus
422 3650 495 3709 Vol.
519 3649 568 3709 ill.
592 3665 622 3724 p.
647 3643 719 3708 148.
743 3644 772 3704 iu
796 3644 954 3720 Supplem.
978 3644 1098 3722 Fragm.
1122 3665 1151 3707 n.
1172 3645 1245 3707 249.
1267 3663 1325 3724 pro

197 3765 280 3810 novo
312 3749 463 3822 exhibuit3
495 3749 568 3826 quin
592 3749 664 3809 Vol.
695 3748 718 3806 l.
752 3746 815 3806 ine.
845 3745 895 3806 50.
923 3749 1021 3807 solam
1042 3765 1134 3824 paces
1154 3762 1265 3810 vocem
1287 3763 1327 3809 ex

198 3851 285 3928 Serg.
307 3853 347 3912 ad
360 3851 471 3912 Donat.
492 3851 540 3912 ed.
559 3867 622 3912 seo.
641 3867 672 3926 p.
692 3847 781 3908 1843.
793 3847 824 3905 Ρ.
848 3845 927 3907 inter
945 3847 1064 3923 Fragm.
1085 3847 1198 3910 retulit.
1242 3849 1327 3910 idem

196 3952 226 4013 in
249 3953 298 4013 ed.
321 3953 391 4013 mai.
415 3954 479 4015 Ino.
503 3951 731 4015 maenum.
754 3951 816 4010 Ine.
839 3947 890 4009 48.
913 3967 943 4025 p.
958 3948 1034 4024 238,
1059 3950 1106 4013 15.
1124 3965 1163 4011 ex
1177 3949 1327 4012 Diomede

197 4072 226 4130 p.
249 4053 321 4114 224.
343 4062 379 4116 ut
399 4055 616 4132 Fragmentum
636 4068 752 4113 novum
775 4053 894 4128 profert
914 4051 1248 4137 haeo:·„Vitabundus
1270 4067 1328 4128 per

197 4157 266 4218 laea
296 4158 435 4218 saltuosa
462 4157 669 4228 recedebat,“
696 4154 767 4213 Vol.
790 4155 839 4212 lli.
862 4170 894 4229 p.
919 4151 988 4213 146.
1012 4159 1184 4216 annotans:
1209 4152 1327 4230 „Spar-

198 4257 259 4318 taoi
286 4260 338 4318 vel
367 4257 495 4321 Sertorii
523 4271 679 4337 personae
701 4257 778 4316 haee
793 4252 1023 4318 ‘convenimus‘
1068 4255 1232 4331 Iugurthae
1254 4269 1328 4314 oon-

196 4359 302 4422 venue
328 4359 548 4437 intellexisset,
580 4359 606 4424 si
630 4375 657 4422 o.
680 4357 848 4432 XXXVIII,
880 4356 906 4416 1.
936 4354 1142 4432 inspexisset,
1164 4356 1327 4416 ubiloeus

1052 4473 1069 4518 0
1082 4455 1115 4491 *a
