3096 4962
412 357 695 452 “‘nrsronmrum
717 393 952 452 annonara.
996 387 1061 448 nro.
1085 393 1106 450 r.
1282 389 1322 454 15

342 583 391 648 12
423 578 562 671 Exque
584 583 733 670 tempore
752 579 910 650 umorum
931 601 1042 650 mores
1059 601 1126 650 non
1143 578 1322 670 paullatim,

236 705 275 770 ‘ut
290 707 409 792 antea,
436 705 496 792 sed
518 706 673 778 torrentis
693 705 792 774 modo
814 705 1034 796 praecipItati3
1063 705 1147 775 adeo
1168 704 1323 775 iuventus

237 826 319 896 luxu
341 830 439 919 atque
463 829 600 908 avaritia
620 832 775 920 corrupta
791 833 857 915 est,
877 829 923 900 uti
945 829 1061 901 merito
1084 812 1226 914 dicatur,
1256 851 1323 922 ge-

238 949 325 1021 nitus
343 973 419 1021 esse
429 1007 444 1037 ,.
461 954 516 1046 qui
541 976 648 1046 neque
671 954 732 1045 ipsi
756 954 878 1024 habere
900 959 1039 1046 possent
1059 975 1114 1024 res
1134 953 1321 1038 familiares

238 1097 346 1170 neque
368 1075 452 1147 alios
474 1077 551 1169 pati.
637 1149 640 1154 ,

238 1331 359 1384 retinere
374 1343 409 1384 uc
423 1325 495 1400 tueri
506 1328 626 1384 studere.
646 1326 702 1380 Isto
719 1325 814 1394 modo,
837 1333 867 1382 ut
880 1326 935 1382 hoc
954 1332 1025 1396 utar,
1045 1329 1137 1386 bonus
1153 1327 1224 1382 ciris
1239 1326 1324 1382 duce-

239 1414 319 1466 batur
335 1411 472 1483 Opimius,
487 1413 535 1481 qui
551 1410 580 1466 C.
596 1409 754 1466 Gracchum
768 1411 919 1480 oppressit,
933 1413 1024 1466 bonus
1039 1412 1111 1468 cinIs
1125 1413 1241 1479 Marius,
1257 1412 1323 1468 dum

240 1496 375 1551 nobilium
397 1497 546 1552 lectionem
568 1493 698 1560 vexavit,
720 1495 810 1548 bonus
829 1495 901 1550 civis
921 1495 1005 1550 etiam
1022 1494 1113 1564 Sulla,
1135 1496 1324 1560 Marianarum

239 1578 360 1650 partium
382 1581 473 1650 vietor
495 1578 717 1635 crudelissimus.
734 1603 774 1614 --
796 1578 836 1632 De
855 1595 913 1651 pro
936 1581 1145 1651 praepositione
1168 1595 1196 1634 v.
1214 1579 1251 1634 ad
1266 1581 1325 1652 lug.

238 1663 360 1733 XCVIII,
378 1670 406 1724 6.
424 1683 453 1736 p.
468 1669 529 1724 526.
543 1693 585 1704 -
605 1665 752 1718 Praeterea
768 1665 851 1721 totius
868 1666 1017 1737 fragmenti
1031 1666 1280 1737 interpunctionem
1292 1665 1323 1723 in

240 1751 369 1806 omnibns
386 1751 443 1806 lere
456 1749 522 1806 edd.
536 1748 620 1812 valde
636 1747 844 1804 Incommodum
856 1751 1037 1819 mutavimus,
1054 1752 1172 1822 primurn
1187 1753 1249 1806 colo
1260 1757 1325 1821 post

186 1842 188 1850 ‘
238 1841 300 1890 orta
315 1842 380 1890 sunt
393 1837 422 1890 in
444 1851 554 1892 comma
570 1839 689 1901 mutato,
710 1815 766 1888 turn
781 1842 919 1890 commate
934 1842 999 1906 post
1013 1836 1183 1908 affectabunt
1196 1837 1224 1890 in
1242 1836 1322 1892 semi·

239 1921 321 1976 colon
337 1937 493 1989 converso,
510 1919 613 1974 deinde
623 1919 765 1982 vsemicolo
780 1925 845 1989 post
858 1925 999 1992 comuptis
1013 1923 1121 1992 posito,
1144 1921 1265 1992 dentque
1281 1938 1324 1976 se-

240 2006 356 2074 miusto,
380 2003 457 2077 quud
471 2011 536 2076 post
548 2005 664 2060 uuidar
679 2004 745 2072 luit,
768 2005 796 2058 in
811 2022 921 2060 comma
939 2013 1052 2062 mutam
1081 2007 1159 2062 Patet
1173 2007 1248 2062 enim
1264 2008 1323 2062 cla-

239 2091 350 2148 rIssime
359 2093 447 2156 rerba
457 2089 748 2160 dammaffectaeam
759 2089 796 2146 ed
810 2105 981 2162 praegressa
991 2091 1156 2148 illustranda
1166 2081 1323 2162 periinere

240 2192 312 2246 quae
328 2183 482 2247 sequuntur
503 2176 617 2246 bonique
638 2179 664 2228 et
684 2175 751 2228 muli
763 2177 835 2228 emes
855 2181 907 2232 etc.
925 2177 1057 2244 quoniam
1072 2192 1128 2231 non
1143 2173 1266 2246 pendent
1288 2191 1323 2230 ex

239 2261 304 2318 ἀυηι
325 2263 477 2332 particula,
500 2258 552 2316 sed
567 2274 671 2314 novam
694 2258 859 2316 sententiam
877 2259 1013 2328 inserunt,
1036 2261 1198 2316 necessario
1218 2261 1324 2316 maiore

240 2347 462 2416 Interpunotione
478 2343 677 2416 disIInguenda
694 2349 950 2414 scemmenstete
966 2361 1022 2400 non
1037 2345 1199 2417 slmpliciter
1213 2346 1326 2417 copulat

156 2461 158 2465 ι
241 2433 404 2500 sententias,
425 2430 477 2486 sed
492 2429 606 2497 indicat,
625 2429 663 2498 id,
685 2428 762 2500 quod
778 2428 899 2497 additur,
922 2445 958 2484 ex
973 2431 1208 2502 praecedentibus
1226 2446 1325 2498 conse7

241 2517 358 2572 clarium
373 2515 635 2588 essetgermanice
649 2516 709 2570 unci
721 2515 783 2570 dem
796 2531 832 2570 zu
845 2515 965 2587 Fatue),
987 2533 1070 2588 quern
1086 2533 1167 2572 usum
1183 2516 1324 2587 tetigImus

240 2601 278 2656 ad
294 2601 352 2657 Cat.
368 2601 413 2671 ΙΙΙ,
435 2607 468 2660 5..
479 2619 509 2672 p·
524 2606 568 2660 ΙΙ.
591 2601 652 2672 lug.
666 2599 751 2668 XCV,
767 2604 793 2658 4.
823 2601 968 2658 Postremo
984 2603 1124 2673 oppositio
1140 2608 1271 2673 spectans
1287 2601 1324 2656 ad

239 2689 399 2744 verbenam
414 2687 446 2742 od
459 2689 558 2744 meritc
573 2688 602 2742 in
616 2685 748 2758 rempubl.
769 2700 825 2746 non
846 2685 993 2742 conficitur
1017 2687 1086 2742 eolis
1107 2689 1203 2744 verbis
1221 2687 1272 2744 sed
1287 2689 1327 2742 uti

241 2774 354 2844 qunque
367 2801 402 2812 -
416 2773 551 2839 ualidior3
575 2771 627 2826 sed
650 2769 758 2826 variata
780 2770 922 2829 structuri
941 2772 1165 2844 amplificutdque
1188 2771 1325 2830 sententia

133 2837 140 2857 ⁸
176 2916 178 2924 ,
235 2857 351 2924 omnia,
368 2872 442 2926 quae
458 2862 626 2926 sequuntur,
642 2872 694 2926 pro
709 2855 886 2926 oppositione
902 2858 1055 2928 superioris
1072 2859 1226 2915 sententiae
1244 2862 1324 2926 sunt;

241 2939 316 2996 unde
332 2941 501 3012 intelllgitur,
520 2955 611 3008 neque
625 2939 697 2992 haec
715 2937 840 3010 disiungi
852 2957 949 3009 posse,
970 2949 998 2995 et
1010 2942 1210 3012 praecedente
1224 2944 1324 3008 (omni-

241 3023 414 3096 buspuritcr
427 3025 586 3094 corruptis)
602 3023 728 3092 separari
745 3021 858 3078 debere.
913 3087 916 3094 Δ
1223 3086 1226 3090 ,

325 3110 372 3165 Fr.
390 3115 431 3168 12
447 3107 535 3177 [Cort.
547 3119 577 3180 p'.
588 3111 650 3167 935.
666 3107 740 3164 Gerl.
755 3105 802 3160 ed.
814 3107 880 3162 mai.
891 3106 917 3174 l,
929 3110 956 3164 9.
969 3106 1014 3162 ed.
1033 3109 1101 3162 min.
1115 3108 1141 3174 Ι,
1157 3113 1201 3166 13.
1219 3125 1246 3178 p.
1264 3097 1323 3175 18'3,

241 3199 285 3252 ΙΙΙ.
301 3195 385 3251 Debr.
401 3195 421 3262 l,
440 3197 495 3263 ll]
518 3194 593 3250 llaec
606 3195 694 3254 verba
710 3195 745 3248 ab
759 3192 919 3262 Augustino
933 3191 969 3246 de
986 3189 1046 3248 Civ.
1064 3193 1114 3246 Dei
1126 3192 1159 3258 ΙΙ,
1183 3195 1217 3250 18
1232 3198 1258 3246 et
1276 3193 1325 3246 ali·

242 3297 298 3350 qua
315 3287 445 3351 exparte
462 3280 545 3336 etiarn
560 3280 598 3346 ΙΙ,
623 3283 663 3338 tu.
682 3284 710 3332 et
728 3278 767 3346 ΙΙ,
782 3282 826 3336 22.
839 3283 954 3334 servata
975 3293 1075 3332 omnes
1090 3276 1214 3332 editores
1229 3275 1325 3332 Dorus

243 3372 358 3424 auctore
373 3365 554 3436 praecedenti
572 3366 729 3434 fragmento
747 3363 912 3428 adiunxere.
957 3361 1201 3434 Scdquamquam
1218 3367 1325 3418 centurn

241 3447 354 3512 videtur
375 3451 402 3505 in
424 3437 546 3504 confinio
566 3449 640 3504 illius
661 3449 714 3502 loci
737 3447 813 3518 apud
829 3441 992 3504 Sallustium
1009 3450 1082 3502 lecta
1102 3448 1207 3515 luisse,
1230 3454 1325 3504 tamen
1396 3480 1400 3487 ·

243 3549 300 3588 non
321 3533 485 3590 cohaesisse
509 3551 572 3590 cum
592 3549 632 3588 eo
657 3550 693 3591 ex
713 3533 868 3588 sentendae
897 3534 1005 3588 ratione
1033 3532 1210 3604 perspicitur.
1253 3533 1325 3588 Nam

243 3620 332 3674 verba
346 3633 384 3673 ex
396 3633 449 3688 quo
467 3623 590 3688 tempore
605 3619 680 3675 nullo
695 3623 778 3688 pacto
794 3623 914 3688 possunt
936 3616 973 3672 ad
983 3619 985 3623 ’
995 3617 1191 3678 antecedentia
1215 3617 1323 3686 reterri,

244 3704 345 3774 quibus
362 3709 390 3758 et
398 3717 557 3772 paucorum
568 3693 718 3758 dominanti
736 3703 873 3774 cupiditas
887 3706 916 3758 et
924 3719 1007 3774 quam
1020 3717 1155 3774 perverso
1173 3718 1249 3760 mure
1263 3703 1327 3758 boni

242 3790 315 3844 cium
326 3789 460 3860 appellati
470 3787 580 3858 fuerint
594 3788 763 3858 explicatur,
786 3793 897 3858 tempus
914 3803 984 3842 vcro
996 3793 1103 3842 certum
1120 3803 1177 3844 non
1193 3788 1325 3859 designa·

243 3879 296 3928 tur.
342 3871 443 3932 [luntre
457 3871 542 3928 huius
558 3873 707 3945 fragmenti
724 3887 826 3928 sensus
841 3873 880 3927 ita
896 3878 1075 3944 comparatus
1093 3879 1144 3943 est,
1159 3877 1189 3928 ut
1204 3889 1324 3930 necesse

245 3959 281 4014 sit
306 3959 334 4012 in
357 3956 606 4020 antecendentibus
635 3956 669 4012 de
692 3959 799 4012 cerusa
826 3956 956 4012 liceuriae
978 3963 1003 4012 et
1023 3947 1196 4041 perditorum
1218 3972 1325 4014 morum

244 4041 352 4098 dictum
366 4043 469 4109 luisse,
493 4042 646 4098 occasione
668 4057 701 4098 ac
725 4047 850 4113 tempore
872 4040 956 4096 huius
976 4042 1152 4112 corruptelae
1171 4044 1254 4101 simul
1268 4058 1326 4096 mc-

237 4133 369 4196 ¹morato;
391 4143 482 4199 neque
496 4128 612 4182 multum
627 4143 644 4181 a
658 4131 727 4183 vero
744 4127 933 4194 aberraverit,
953 4127 1001 4196 qui
1016 4127 1162 4194 conficiat,
1181 4128 1249 4182 talia
1266 4129 1324 4182 lere

174 4203 176 4206 ’
245 4213 373 4282 pnoxime
388 4213 593 4280 antecessisse,
609 4212 704 4282 qualia
718 4209 868 4268 Sallustius
885 4209 921 4266 de
938 4209 1038 4265 cedern
1054 4227 1085 4264 re
1100 4212 1127 4264 in
1144 4191 1220 4266 catil.
1235 4227 1259 4263 c.
1277 4209 1324 4262 XI.
1378 4240 1384 4249 ·

246 4295 306 4352 llll.
329 4295 596 4364 etltlll.1disscruit.
640 4297 734 4364 Quare
759 4312 844 4366 quum
874 4311 909 4350 ne
931 4296 1047 4352 minima
1066 4295 1180 4367 quidem
1210 4301 1325 4355 externa
