3062 4958
209 368 271 435 alle
570 379 601 436 C.
622 379 795 438 sattrts'rr
816 378 932 437 celse}

209 561 371 633 interdum
394 563 538 634 lacerum
560 586 682 656 eorpus
703 565 944 636 semianimum·
958 564 1164 653 omittentes3
1186 565 1241 634 alii
1263 565 1296 636 in
1304 574 1338 632 17

210 689 297 758 tacta
322 687 483 758 iaciebant
503 688 609 780 ignis,
633 690 792 784 multique
809 711 853 760 ex
872 689 1066 776 incusavi,
1087 710 1173 782 quos
1193 689 1296 781 inge·-

210 809 299 882 nium
320 811 431 882 socios
458 813 571 898 dabat,
596 816 704 885 abdita
725 839 744 884 a
762 813 902 885 dominis
925 817 981 882 aut
1008 813 1100 905 ipsos
1123 813 1296 884 trahebant

212 1069 266 1108 non
282 1053 356 1109 omni
372 1054 565 1124 probabilitate
586 1061 690 1123 carent,
706 1057 820 1126 planum
836 1053 889 1112 erit
902 1059 1037 1110 racanas
1058 1069 1114 1117 non
1130 1055 1206 1113 idern
1220 1072 1295 1122 esse,

210 1138 478 1209 quadraminum,
500 1139 552 1194 sed
578 1141 737 1212 oppositum
762 1139 911 1212 participio
937 1140 1084 1196 ommate
1109 1139 1157 1196 hie
1187 1141 1295 1214 signiti-

211 1240 274 1281 care
291 1231 478 1294 remanentes,
498 1242 539 1284 sc.
554 1224 631 1296 apud
647 1241 766 1292 caesos,
787 1237 894 1296 eosque
916 1224 1140 1280 circumstantes.
1181 1216 1296 1282 Praete·

210 1324 259 1362 rea
282 1315 385 1366 mutata
407 1310 629 1380 interpunctione
656 1311 719 1366 loco
738 1310 922 1366 vexatissimo
949 1307 1129 1365 medicinam*
1144 1311 1296 1366 attulimus.

212 1392 300 1451 Simul
314 1396 404 1463 enim,
426 1393 502 1466 quod
524 1411 624 1452 omnes
637 1395 776 1463 editurus,
793 1400 930 1450 commate
949 1398 1013 1464 post
1032 1393 1181 1452 amemus
1193 1397 1296 1465 posito,

209 1479 247 1533 ad
266 1481 412 1552 sequentia
432 1480 559 1549 trahunt,
582 1498 636 1552 quo
658 1481 689 1536 fa
710 1486 739 1536 ut
759 1480 873 1536 ablativi
893 1478 1012 1534 absoluti
1028 1491 1164 1550 pmerec
1186 1482 1298 1538 aalma

209 1579 271 1620 cum
294 1566 442 1620 amittemtes
463 1565 610 1636 participio
636 1581 754 1636 prorsus
777 1564 934 1620 insociabili
959 1562 1044 1618 modo
1067 1564 1217 1632 socientur,
1234 1582 1297 1620 eum

207 1648 357 1704 illudebant
372 1649 601 1721 coniungendam
620 1657 671 1708 est.
712 1651 768 1706 lam
785 1667 820 1704 ex
836 1650 898 1704 loco
914 1649 955 1704 sic
975 1649 1123 1704 constituto
1145 1648 1217 1705 haec
1233 1667 1297 1706 sen·

209 1734 296 1788 tentia
318 1733 427 1806 prodit:
460 1735 506 1790 alii
530 1736 712 1807 fugitivorum
736 1735 815 1790 cives
839 1734 940 1789 obvios
966 1733 1179 1805 interficiebant,
1206 1751 1297 1806 neque

211 1817 375 1888 simpliciter
390 1819 564 1876 interrasisse
579 1820 702 1874 contenti
716 1821 798 1876 amal
811 1821 845 1874 iis
858 1818 1015 1888 illudebant,
1032 1817 1117 1876 modo
1130 1819 1235 1876 circaue
1246 1837 1296 1878 ecs

210 1907 397 1959 restantes'ac
418 1907 534 1960 volnere
559 1905 710 1962 crudeliter
732 1910 814 1962 aucto
840 1903 1009 1974 diductaque
1032 1919 1083 1958 ees
1105 1904 1296 1971 conficientes,

210 1987 295 2044 modo
312 2005 347 2042 ne
367 1989 451 2060 plene
467 1989 581 2060 quidem
601 1991 764 2045 interlectos
785 1989 975 2060 relinquentes
996 1996 1024 2044 et
1045 1989 1169 2044 lacerum
1192 2004 1297 2062 corpas

211 2074 407 2128 semianimum
421 2075 591 2132 omittentes.
630 2073 875 2144 Quemodmcdum
894 2074 979 2146 igitur
996 2079 1131 2130 restantes
1147 2077 1297 2146 opponitur

209 2158 358 2230 participio
376 2162 539 2230 mammas,
563 2161 601 2216 ita
623 2161 677 2216 sibi
697 2159 871 2231 respondent
891 2159 1046 2230 particulae
1068 2174 1142 2214 nanc
1156 2189 1199 2202 -
1213 2160 1297 2217 iater-

210 2243 283 2313 eum,
301 2261 353 2315 pro
367 2261 442 2304 auae
459 2275 494 2288 —·
511 2261 586 2302 name
602 2247 648 2302 vel
664 2245 744 2304 amaia
757 2273 801 2286 -
814 2245 893 2300 modo
913 2244 1040 2316 positae,
1063 2244 1100 2298 de
1116 2260 1171 2315 quo
1187 2262 1297 2316 permu-

210 2330 322 2390 tationis
337 2345 442 2400 genere
461 2348 490 2386 v.
517 2347 589 2402 quae
615 2331 813 2386 annotavimus
839 2328 879 2384 ad
898 2330 960 2400 laag.
984 2347 1009 2384 a.
1033 2327 1114 2396 an,
1137 2333 1162 2390 9,
1185 2347 1215 2402 p.
1234 2335 1297 2391 336.

211 2411 319 2470 Caussa
333 2421 436 2484 autem,
450 2432 499 2472 eur
515 2415 582 2472 Sall.
597 2418 685 2472 alteru
701 2417 764 2472 loco
787 2422 813 2470 el
831 2415 968 2470 interdum
989 2419 1122 2484 poneret,
1144 2414 1195 2472 tait
1216 2415 1297 2486 haec,

210 2497 285 2569 quod
303 2500 530 2556 semianimorum
545 2501 662 2556 omissio
684 2501 773 2556 rarior
794 2501 891 2566 tuerat,
912 2515 995 2570 quam
1012 2497 1135 2554 nerana
1147 2515 1296 2571 corporum

210 2584 402 2638 laceratio.-
415 2581 553 2640 Perverse
566 2587 675 2641 uolnere
688 2583 851 2641 Gerlachius
863 2585 929 2639 Vol.
944 2584 991 2639 llt
1003 2601 1030 2655 p.
1042 2587 1103 2643 lte.
1117 2584 1155 2638 ite
1168 2587 1298 2656 explicat

211 2673 239 2722 ut
250 2674 386 2739 appareat
400 2685 464 2733 eum
471 2684 638 2741 perversam
652 2687 703 2742 pro
718 2669 861 2724 adieetivo
873 2669 988 2737 habere,
1004 2669 1102 2724 dicens
1119 2684 1299 2740 ‚pervasum

210 2754 309 2810 velam
329 2753 463 2826 estquod
485 2753 618 2827 foedum,
645 2755 771 2812 deforme
796 2760 823 2810 st
847 2759 945 2810 eontra
960 2756 1004 2813 ists
1027 2753 1128 2826 sasque
1152 2753 1298 2810 infestast‘

211 2837 294 2905 Quod
315 2840 397 2909 quale
413 2841 463 2908 sit,
490 2840 538 2898 vix
553 2845 722 2914 assequare,
748 2840 805 2896 nisi
825 2841 896 2895 torte
923 2837 1087 2896 Gerlachius
1111 2839 1297 2911 cogitavisse

209 2939 289 2980 more
304 2926 487 2982 certaminum
500 2923 690 2982 studiosorum
706 2924 931 2998 digladiantium.
975 2923 1178 2994 Intelligentius
1192 2925 1297 2997 Krcye

211 3008 301 3085 siglas
316 3009 387 3066 vidit
401 3011 539 3068 ablativos
555 3027 620 3068 esse
637 3012 790 3078 absolutos,
813 3027 846 3066 ac
865 3007 1016 3064 dictionem
1039 3010 1181 3066 verbalem
1204 3011 1299 3066 aalma

203 3100 367 3165 pervertere
384 3096 546 3168 siguificare
562 3098 644 3154 telam
656 3100 686 3152 im
700 3098 813 3152 vulnere
824 3108 948 3162 serame,
963 3094 1039 3166 quod
1055 3095 1207 3151 vernaculo
1219 3094 1298 3150 dices

209 3181 237 3234 im
253 3181 305 3237 der
326 3181 434 3238 Wmae
448 3181 678 3250 aemmaotrcm
699 3179 798 3236 aarum
811 3177 929 3236 reaten.
955 3208 998 3218 --
1029 3177 1232 3246 Semianimem,
1244 3196 1298 3251 pro

208 3267 319 3338 vulgari
337 3269 505 3324 semianime.
548 3268 702 3338 Utrumque
719 3269 829 3331 autem,
858 3269 886 3318 ut
901 3263 956 3320 alia
983 3263 1123 3320 eiusmodi
1151 3265 1298 3332 vocabula,

209 3352 296 3406 veluti
315 3354 462 3409 mammas
478 3359 504 3406 et
519 3353 665 3418 amouimus,
682 3350 710 3406 in
726 3347 852 3420 pedestri
869 3365 980 3420 quoque
996 3347 1122 3412 oratione
1137 3350 1298 3420 promiscue

209 3435 339 3504 ponitur;
366 3438 401 3490 ct.
418 3436 479 3492 Liv.
496 3437 542 3504 Ill,
556 3440 600 3502 ti,
612 3440 640 3492 i.
687 3434 821 3490 Tollenles
835 3449 939 3505 corpas
952 3434 1161 3490 semianime
1175 3436 1297 3506 eisprisc‘s.

209 3518 250 3572 ld.
264 3518 389 3590 XXVlll,
400 3523 486 3589 tim..
508 3520 597 3588 (kam
612 3521 640 3574 ia
653 3533 814 3576 assemsum
831 3535 929 3591 rapum
943 3521 1152 3576 semianima
1161 3521 1300 3591 pleraque

208 3604 351 3658 iniecerant
360 3619 528 3675 corporav.
538 3604 749 3661 Drakenborch.
759 3604 1166 3674 adVll‚tl,5.Ruddim.lnst.
1176 3605 1297 3662 Gramm.

209 3688 229 3744 Ι.
245 3706 274 3760 p.
295 3693 354 3748 164.
391 3689 627 3746 &illicientem
644 3689 711 3747 Tac.
731 3707 759 3760 p.
778 3691 840 3748 180.
863 3705 891 3744 ν.
917 3692 1073 3746 examinas.
1095 3687 1249 3746 KREYSS.

294 3777 320 3838 S·
336 3779 379 3835 17.
393 3773 529 3830 iaciebant
539 3777 623 3848 mmm)
641 3775 681 3830 lla
697 3774 760 3830 cod.
776 3773 839 3828 Val.
856 3803 890 3814 -·-
906 3773 1057 3830 Bimardus
1072 3775 1297 3846 sesemetipsum

214 3888 252 3902 -
269 3857 365 3923 Duusa
387 3859 522 3917 tumebant
543 3862 628 3933 ipaes.
648 3888 691 3902 -
713 3859 763 3914 Ea
781 3859 841 3914 loeo
854 3860 929 3914 serm
949 3865 1013 3914 sunl
1027 3859 1073 3930 qui
1089 3858 1117 3914 in
1137 3859 1212 3914 Anni
1226 3859 1299 3914 Foro

209 3949 298 4014 erant,
313 3944 343 4000 id
359 3943 435 4016 quod
450 3959 486 4002 ex
501 3947 720 4018 cointelligitur,
737 3943 813 4015 quod
825 3944 896 4000 inter
910 3942 1040 4000 hostilem
1052 3943 1149 4014 oppidi
1167 3943 1301 4015 direptio·

211 4045 274 4084 nem
289 4029 383 4086 abdita
399 4030 549 4088 staminis
565 4039 612 4088 aut
627 4033 690 4102 ipos
700 4047 736 4108 ex
752 4031 862 4086 occulto
877 4028 997 4086 traxisse
1013 4029 1153 4087 dicuntur.
1170 4027 1300 4100 imperite

209 4113 294 4187 igitar
309 4113 473 4172 Gerlaehias
496 4118 560 4174 Vol.
574 4117 619 4172 Ill.
635 4133 666 4186 p.
684 4118 747 4174 139.
770 4115 859 4170 loc-am
875 4113 1019 4170 contendit
1032 4114 1061 4170 in
1075 4114 1242 4172 universam
1257 4129 1301 4168 re-

210 4201 324 4272 gionem
345 4201 522 4273 significare,
541 4203 588 4259 ubi
615 4201 682 4258 urbs
703 4199 757 4254 sita
780 4199 871 4254 tuerit.
915 4199 1002 4254 Recte
1031 4215 1099 4254 vero
1114 4198 1300 4272 Kreyssigius

214 4283 297 4344 docel
309 4287 396 4346 locam
413 4287 552 4345 interdurn
570 4285 655 4356 nude,
678 4290 708 4339 ut
731 4271 969 4359 praesumsimus·
986 4291 1169 4360 nostrumque
1186 4284 1245 4352 Ort,
1262 4281 1298 4338 de
