3098 4970
218 425 280 491 110
422 475 425 482 .
475 459 484 466 -
578 427 608 484 C.
632 427 805 486 SALLUSTI
826 428 940 486 CRISPI

317 622 370 688 86.
412 613 472 684 nto
504 615 674 706 profectus
703 614 797 686 vicos
830 613 1032 708 castellaque
1062 612 1238 683 incendere
1268 617 1301 684 et

213 743 297 834 fuga
320 741 483 812 cultorum
507 740 639 810 deserta
666 736 736 830 igni
763 740 912 825 vastare,
932 759 1041 833 neque
1071 739 1139 808 late
1163 741 1221 808 aut
1241 761 1300 810 se—

213 887 314 937 curus
333 865 399 951 irs,
419 867 508 935 metu
531 862 641 956 gentis
661 862 704 932 ad
725 863 815 932 iusta
834 863 911 934 belli
935 865 1146 956 peridoneae.

215 1103 260 1162 Fr.
275 1105 303 1174 1,
319 1107 363 1165 ll.
380 1109 406 1160 at
418 1105 441 1178 1,
453 1107 514 1174 8l.,
533 1109 626 1160 tamen
639 1117 738 1176 cepere
755 1105 871 1162 verbum
887 1105 998 1162 obstare
1013 1102 1135 1174 videbar,
1151 1103 1228 1176 quod
1242 1121 1299 1160 non

216 1196 272 1245 tam
288 1190 454 1260 ιναίλσίοαιίλ,
472 1205 555 1260 quam
571 1189 715 1262 conpendi·
726 1194 893 1258 potestatem
906 1188 1007 1246 habet
1037 1189 1130 1257 Quare
1145 1188 1223 1246 haud
1238 1191 1297 1246 scio
1379 1237 1384 1246 .

216 1291 251 1332 au
263 1274 362 1332 melius
378 1275 414 1330 sit
430 1273 466 1330 de
479 1272 574 1345 Sullae
590 1290 625 1328 ex
641 1273 759 1330 Graecia
772 1274 801 1328 in
814 1273 924 1330 ltaliam
938 1273 1031 1330 reditu
1043 1275 1178 1347 cogitare,
1189 1290 1246 1348 per
1260 1275 1294 1331 le·

213 1365 292 1432 palm
306 1360 458 1416 exercitum
473 1357 658 1414 Durrachium
675 1359 837 1430 colb'peob‘m
855 1360 891 1414 ei.
908 1359 1049 1416 Plutarch.
1070 1358 1099 1414 in
1120 1358 1199 1416 Sulla
1214 1377 1239 1414 e.
1254 1362 1298 1428 17,

216 1447 255 1500 in.
284 1433 403 1514 Σύλλας
416 1435 450 1501 di
466 1429 517 1499 διὰ
534 1437 690 1510 Θετταλίας
704 1436 756 1498 uel
767 1439 963 1512 Μακεδονίας
976 1432 1108 1518 καταβάς
1122 1435 1171 1500 eut
1183 1431 1297 1500 edme-

214 1547 270 1586 ταν
290 1518 589 1605 παρεσκευάζετο
609 1521 748 1602 χιλίαις
766 1521 882 1586 ναυσί
902 1521 965 1584 καί
986 1523 1207 1597 διακοσίαις
1228 1515 1298 1586 eiad

216 1609 433 1692 Δορὁχίον
463 1601 683 1687 διαβάλλειν
708 1607 761 1680 είς
789 1607 1023 1689 Βρεντέσιον.
1050 1643 1085 1656 -
1127 1613 1297 1670 Bebrossius

214 1699 412 1771 Fragmentum
426 1695 463 1752 ad
477 1695 606 1752 Curionis
622 1696 830 1770 expeditionem
845 1699 874 1754 in
891 1697 1089 1754 Macedoniam
1104 1699 1232 1755 referens
1246 1714 1297 1770 pro

216 1799 294 1855 more
308 1799 360 1838 suo
372 1784 401 1836 in
412 1782 504 1836 alieno
516 1781 586 1836 libro
597 1781 719 1849 exhibet,
733 1797 804 1853 quae
816 1783 926 1840 somnia
937 1800 994 1838 noa
1004 1785 1101 1838 attinet
1109 1784 1298 1840 refellere.—

216 1867 256 1920 De
274 1885 328 1922 usu
342 1873 485 1922 maturare
502 1865 582 1922 verbi
598 1882 662 1920 oum
679 1865 816 1925 infinitivo
831 1869 917 1924 iuneti
933 1885 962 1924 v.
982 1867 1018 1926 ad
1034 1867 1113 1924 Catil.
1129 1885 1155 1924 a.
1170 1868 1297 1938 XXXVI,

216 1955 242 2008 3.
259 1968 290 2023 p·
305 1955 356 2012 166
371 1968 413 2023 sq.
446 1948 817 2025 lug.xxxvl,1.p.211.
1348 1950 1352 1955 ’

128 2069 133 2076 ·
301 2037 346 2092 Fr.
362 2039 407 2096 δᾶ
434 2028 528 2110 [Cora
548 2053 577 2108 p.
592 2039 653 2094 954.
687 2035 758 2092 Geni.
775 2037 821 2092 ed.
839 2038 905 2094 mai.
921 2038 948 2108 1,
964 2041 1011 2098 32.
1042 2036 1089 2114 ed.
1106 2038 1172 2093 min.
1189 2037 1215 2106 1,
1237 2043 1297 2098 101.

215 2123 326 2192 p·197,
348 2127 392 2180 ab.
423 2120 506 2177 Debr.
523 2121 562 2190 ΙΙ,
580 2126 642 2180 lll-
663 2121 715 2200 ill,
735 2124 798 2192 db]
829 2123 926 2180 Verba
940 2128 1006 2178 sunt
1019 2123 1096 2194 opud
1113 2123 1235 2180 Nonium
1249 2122 1297 2190 IV,

214 2209 274 2264 203.
290 2223 320 2278 p.
334 2211 396 2276 310,
412 2209 454 2266 13.
469 2205 568 2279 Mero„
585 2206 637 2262 sed
651 2209 794 2264 nonnullis
807 2207 975 2280 corruptelis
990 2205 1101 2279 affecta,
1117 2208 1218 2278 quibus
1233 2223 1299 2262 con·

214 2292 321 2348 iectura
345 2290 453 2349 mederi
471 2292 638 2348 studuimus.
673 2292 745 2348 Nam
760 2309 812 2365 pro
831 2289 890 2348 tote
906 2297 956 2348 aut
972 2306 1088 2348 remees
1107 2295 1150 2348 ire
1169 2295 1197 2350 in
1212 2291 1297 2348 codd.

215 2376 317 2448 legitur
328 2378 401 2434 elate
419 2381 468 2434 out
484 2378 694 2450 remaneremus,
714 2377 786 2434 clete
806 2382 856 2434 aut
868 2377 1077 2450 fetentissimae,
1100 2379 1128 2432 in
1146 2377 1214 2434 Ald.
1229 2379 1300 2432 eluto

215 2467 264 2516 out
278 2463 484 2529 recensuimus,
501 2477 585 2531 quam
599 2461 764 2532 scripturam
782 2463 947 2535 Gerluelrius
961 2463 989 2518 in
1006 2461 1051 2518 ed.
1066 2463 1131 2520 mai.
1147 2463 1297 2534 expressit,

216 2549 244 2599 et
255 2546 319 2599 Vol.
331 2545 377 2600 ΠΙ.
388 2562 417 2617 p.
432 2547 475 2604 73.
488 2545 564 2600 nulla
576 2561 611 2600 ex
621 2551 701 2617 parte
715 2547 920 2604 sollicitandam
930 2563 997 2604 esse
1007 2548 1214 2618 pronunciavit.
1239 2545 1298 2604 Sed

216 2645 307 2701 neque
323 2629 384 2686 fieri
400 2634 509 2702 potest,
532 2635 562 2686 ut
575 2630 645 2686 eun
657 2648 709 2702 pro
723 2633 777 2688 lule
791 2632 914 2702 dicatur,
936 2631 1013 2704 quod
1033 2632 1080 2688 ille
1097 2632 1214 2691 mirifice
1232 2648 1298 2688 con·

216 2714 318 2785 tendit,
339 2731 431 2787 neque
452 2714 623 2786 superlativo
642 2716 723 2772 loeus
739 2723 782 2774 est
802 2719 830 2774 in
849 2718 897 2774 tali
914 2717 1068 2787 sententia,
1090 2734 1182 2790 neque
1197 2719 1298 2788 praba-

214 2800 279 2856 bilis
295 2804 434 2856 structura
446 2791 598 2856 verborum
612 2804 706 2872 potest
722 2801 795 2868 iniri.
827 2802 909 2872 Quod
923 2803 1043 2860 sortasse
1059 2803 1183 2858 sentiens
1202 2801 1298 2858 Gerla-

215 2884 295 2941 ohius
310 2885 340 2940 in
354 2884 400 2940 ed.
415 2883 483 2940 min.
501 2885 615 2957 scripsit
626 2901 715 2958 neque
728 2888 782 2944 tote
796 2891 847 2944 οαί
858 2901 975 2945 sconem
988 2903 1006 2944 ο
1021 2893 1094 2944 mmo
1104 2890 1204 2962 emtis,
1222 2903 1296 2960 quac

215 2969 296 3026 lectio
310 2969 404 3044 priore
415 2969 510 3042 paullo
521 2970 621 3025 melior
632 2976 724 3029 tamen
735 2989 791 3028 non
803 2973 947 3046 satisfacit,
964 2989 1049 3045 quum
1061 2979 1175 3046 praeter
1186 2990 1205 3028 α
1216 2988 1297 3046 pree·

213 3055 390 3128 positionem,
403 3071 470 3113 oum
481 3071 583 3114 sensus
593 3055 760 3113 detrimento
771 3057 886 3128 illatam,
898 3064 1036 3115 structure
1046 3059 1151 3130 pariter
1162 3057 1296 3131 impedita

214 3147 336 3214 maneat,
353 3157 445 3215 aeque
461 3142 641 3214 intelligatur,
663 3142 804 3212 quomodo
820 3157 936 3200 recum
952 3160 971 3200 α
985 3143 1014 3198 in
1028 3145 1218 3200 securissimo
1235 3158 1296 3198 eor·

215 3229 306 3300 rumpi
329 3227 459 3301 potuerit.
492 3227 611 3282 Rothius
634 3225 672 3282 ad
686 3227 760 3282 Non.
781 3228 800 3280 l.
819 3227 838 3282 l.
853 3244 881 3298 p.
898 3234 960 3287 ala
982 3228 1103 3284 coniecit
1118 3241 1206 3302 acque
1223 3227 1296 3283 elate
1332 3277 1336 3280 .

215 3317 263 3370 out
280 3312 391 3385 fretas,
411 3313 494 3368 ml
504 3315 587 3368 metu.
607 3310 680 3366 nno
698 3311 787 3366 ruodo
804 3309 901 3368 Douma
915 3314 977 3368 loco
1000 3328 1165 3370 succurrere
1179 3311 1295 3381 studuit,

216 3396 341 3462 scribens
354 3411 444 3468 aeque
457 3396 528 3451 elato
546 3400 596 3450 aut
613 3409 711 3452 secuero
726 3409 786 3452 erse
797 3397 905 3466 anau,
927 3413 1011 3468 quam
1026 3397 1214 3454 coniecturam
1230 3395 1296 3452 Gor-

214 3483 269 3538 nus
284 3489 311 3538 et
323 3481 493 3540 bebrossius
504 3485 687 3552 receperunt3
710 3480 762 3538 sed
773 3498 942 3554 quamquam
952 3482 1125 3538 tolerabilem
1136 3481 1221 3538 hebet
1232 3499 1297 3538 sen·

215 3580 278 3623 sum
299 3566 514 3640 expeditamque
538 3569 718 3636 structuram,
739 3571 832 3622 tamen
851 3573 878 3622 et
898 3566 983 3626 nimis
1001 3567 1111 3623 recedit
1130 3584 1148 3623 a
1166 3566 1296 3624 codicum

215 3653 359 3726 vestigiis,
375 3667 467 3722 neque
483 3651 648 3708 sententiam
657 3652 777 3722 praebet
791 3654 847 3720 rei,
873 3667 944 3722 quae
961 3657 1105 3722 narratur,
1128 3655 1199 3710 bene
1215 3667 1297 3706 eeou·

215 3742 330 3810 rateque
346 3736 568 3794 convenientem.
597 3736 669 3792 Nam
681 3752 766 3808 quum
782 3736 818 3794 de
832 3737 1005 3810 amoeniore
1021 3738 1051 3792 in
1068 3737 1192 3808 aliquem
1204 3737 1297 3808 regio-

216 3837 280 3878 nem
294 3823 368 3879 lacta
381 3827 491 3894 agatur,
505 3820 542 3878 ad
561 3837 623 3879 eam
635 3819 849 3880 describendam
864 3838 920 3880 nou
935 3827 990 3880 tarn
1005 3821 1191 3894 pertinetque
1204 3822 1297 3876 animo

216 3906 277 3964 dux
290 3907 392 3979 feerit,
411 3921 494 3978 quam
510 3923 565 3979 qua
579 3907 687 3964 ratione
707 3924 798 3979 quave
813 3914 873 3964 erte
886 3909 939 3977 iter
950 3907 1059 3980 fecerit„
1090 3907 1184 3975 Quare
1200 3922 1298 3962 veram
1384 3927 1387 3932 ·
1415 3945 1419 3960 .

217 3990 272 4048 loci
288 3992 455 4066 scripturam
470 3990 587 4049 dedisse
602 3993 684 4050 nobis
699 3993 843 4064 videmur,
866 3992 936 4048 tute
949 3997 998 4052 aut
1012 4005 1128 4050 semente
1144 3992 1199 4047 ire
1218 4005 1299 4062 repo·

217 4075 321 4149 nendo,
338 4094 393 4150 qua
407 4077 559 4134 mutatione
575 4077 645 4134 nihil
658 4083 702 4134 est
717 4070 846 4146 faciliusr
858 4078 928 4136 clete
941 4079 1027 4147 enirn,
1043 4077 1119 4150 quod
1133 4084 1176 4132 est
1190 4077 1219 4132 in
1233 4075 1298 4132 eod.

216 4162 268 4236 A,
286 4179 321 4218 eo
337 4168 444 4238 ortuum,
465 4163 541 4237 quod
558 4164 759 4234 ultimumque
771 4164 852 4222 eoois
866 4164 957 4220 littora
972 4163 1101 4235 sequenti
1115 4161 1181 4220 voei
1196 4160 1301 4218 adbae-

218 4249 269 4321 sit,
289 4263 405 4308 seeum
417 4251 460 4306 ire
477 4256 569 4308 autern
587 4250 661 4306 male
677 4246 811 4322 scripturn
829 4249 960 4320 maleque
971 4249 1077 4306 'lectum
1091 4247 1197 4304 neurini
1211 4247 1301 4303 irrere-

217 4330 303 4392 dibile
320 4339 374 4394 erit
388 4337 415 4400 in
433 4337 624 4394 seuerissimis
640 4333 789 4406 depravari
807 4335 942 4408 potuisse.
957 4363 999 4374 —-
1034 4331 1085 4390 Ire
1101 4335 1128 4388 in
1142 4349 1174 4388 re
1188 4333 1300 4388 militari
