3102 4956
233 393 294 462 188
611 399 641 458 C.
665 397 839 457 SALLUSTI
863 397 975 458 CRISPl

335 593 388 661 80.
429 588 492 659 Vir
513 579 628 681 granis
651 585 795 658 0100110
819 589 889 658 arte
910 586 1066 680 cuiquam
1088 587 1233 664 interior.

336 721 387 789 87.
431 716 480 789 lta
497 713 618 788 fiducia
636 737 733 810 quam
752 715 958 806 argumentis
976 716 1189 810 purgatiores
1207 719 1320 792 dimit-

232 841 356 910 tuntnr.

337 971 389 1035 88.
430 965 522 1036 Haec
549 968 727 1061 postquam
755 965 865 1038 Varro
891 966 924 1036 in
950 965 1058 1040 maius
1082 989 1175 1040 more
1203 990 1322 1041 rumo-

235 1113 307 1164 rum
331 1090 465 1164 audivit.
985 1175 987 1180 ,
1164 1157 1171 1170 ,

339 1225 390 1292 80.
432 1216 540 1309 Quum
566 1216 670 1290 mulla
701 1215 881 1291 dissereret
905 1217 991 1300 ludis
1018 1218 1166 1317 Apollini
1182 1217 1322 1300 'circen-

236 1345 338 1420 sibus.
382 1345 384 1350 ’

237 1543 413 1628 disciplinam
432 1555 608 1625 peritam,
630 1553 676 1608 ad
692 1551 806 1606 consilia
816 1555 1051 1624 prudentem,
1066 1553 1111 1608 ad
1124 1554 1323 1627 casam-sorta-

236 1655 354 1714 namque
373 1640 515 1712 felicem
531 1638 604 1694 domi
623 1637 697 1694 nobis
710 1637 844 1708 retinere,
864 1657 950 1712 qaam
963 1640 1153 1698 inimicissimis
1167 1639 1323 1697 nanonibns

238 1725 481 1782 ancaranulam.
501 1752 543 1764 —
562 1722 603 1778 De
620 1737 741 1795 quonam
762 1721 824 1776 viro
848 1723 997 1782 Sallustius
1020 1727 1164 1796 loquatur,
1186 1725 1324 1782 incertum

239 1816 291 1867 est.
324 1810 489 1882 Pompeium
510 1807 666 1882 significari
685 1807 854 1864 Debrossius
873 1816 901 1864 et
920 1810 1085 1868 Gerlachi'us
1114 1809 1278 1882 opinantur3
1296 1815 1326 1866 et

239 1912 309 1952 sane
329 1895 375 1952 alii
396 1911 461 1950 eum
481 1897 517 1951 ob
537 1893 705 1950 modestiam
727 1892 812 1946 animi
833 1894 998 1965 laudarunt,
1020 1896 1098 1953 velut
1113 1895 1277 1952 Plutarchus
1297 1897 1325 1952 in

238 1982 335 2052 Pomp.
352 1998 377 2036 e.
392 1987 418 2039 1.
435 1985 462 2034 et
477 1984 537 2048 18,
553 1979 655 2034 Vellei,
669 1977 707 2045 ll,
722 1981 771 2045 89,
788 1982 832 2046 8.;
857 1979 908 2036 sed
922 1998 939 2036 a
953 1980 1087 2038 Sallustio
1103 1998 1167 2036 eum
1182 1982 1325 2038 laudatum

240 2067 328 2122 luisse
343 2082 400 2120 non
417 2069 459 2120 est
472 2063 614 2132 credibile,
632 2064 679 2136 qui
695 2079 759 2118 eum
773 2063 828 2118 alio
839 2065 1025 2123 Historiarum
1037 2068 1100 2122 loco
1117 2065 1176 2134 (Fr.
1193 2067 1252 2122 Inc.
1267 2067 1326 2131 41.)

241 2152 360 2208 dixisset
375 2167 440 2207 esse
453 2152 512 2206 oris
527 2150 659 2222 improli,
677 2149 979 2220 camulianensium,
995 2167 1085 2223 eoque
1099 2150 1203 2207 iudicio
1220 2157 1326 2208 tantum

240 2238 357 2306 Lenaei,
373 2235 499 2307 Pompeii
514 2236 618 2306 liberti,
635 2235 663 2290 in
679 2251 710 2290 se
727 2234 824 2290 odium
837 2237 1022 2306 concitasset,
1044 2243 1073 2293 ut
1091 2237 1276 2293 acerbissima
1291 2237 1326 2290 ab

240 2340 275 2379 eo
291 2323 377 2382 satira
392 2321 572 2390 laceraretur,
588 2325 660 2376 teste
676 2318 811 2376 Suetonio
827 2322 863 2378 de
878 2324 980 2379 lllustr.
995 2339 1114 2395 gramm.
1130 2339 1155 2378 c..
1170 2322 1233 2377 XV.
1263 2322 1327 2377 Non

239 2425 291 2480 pro
312 2401 441 2463 modesto
459 2406 624 2476 Pompeium
639 2423 657 2461 a
672 2403 805 2462 Sallustio
824 2424 889 2464 esse
908 2406 1033 2464 habitum
1051 2407 1222 2482 ¹perspicitur
1243 2407 1327 2461 etiam

242 2510 278 2546 ex
293 2493 354 2548 eius
369 2490 489 2563 epistola
504 2485 541 2546 ad
554 2497 690 2560 senatum,
708 2507 791 2562 quarn
802 2498 900 2549 auctor
921 2495 960 2549 ila
975 2493 1140 2564 composuit,
1160 2499 1189 2548 ut
1200 2508 1326 2548 summae

240 2579 334 2650 potius
351 2575 539 2648 arrogantiae,
556 2593 639 2648 quam
653 2575 775 2632 modesti
792 2578 877 2638 animi
892 2579 928 2637 sil
943 2578 1152 2637 documentum.
1182 2577 1274 2647 Quare
1291 2576 1328 2656 ad

233 2662 327 2718 'alium
342 2677 425 2732 quem
440 2662 582 2732 potentiae
596 2661 739 2734 cupidum,
756 2661 803 2734 qui
818 2663 896 2720 multi
910 2665 957 2722 illo
973 2669 1099 2737 tempore
1117 2663 1223 2720 Romae
1239 2664 1327 2734 luere,

241 2747 439 2820 Fragmentum
455 2745 633 2804 referendum
649 2752 700 2804 est.
1158 2757 1161 2762 ·

327 2853 373 2908 Fr.
394 2857 446 2914 80.
476 2855 488 2923 [
497 2851 570 2910 cora
584 2871 614 2927 p.
629 2857 691 2914 959.
721 2853 796 2925 Gerl.
813 2845 1056 2922 ed.mai.11,32.
1083 2854 1327 2924 0000101000.
1385 2875 1387 2880 ·

242 2945 345 3012 rte-201,
359 2945 404 3000 85.
420 2938 505 3000 Debr.
521 2939 554 3009 ll,
569 2944 615 2999 58.
628 2939 676 3008 IV,
693 2936 750 3014 et]
765 2939 852 2998 Ama.
867 2960 898 3000 v.
912 2941 1048 3015 inferior,
1062 2957 1091 3013 p.
1106 2944 1168 3002 242.
1198 2941 1277 3010 Quae
1293 2959 1329 2998 ex

243 3025 326 3082 Nonii
340 3025 388 3092 IV,
400 3027 462 3084 884.
477 3027 520 3098 (p.
534 3029 596 3094 815,
608 3031 636 3085 5.
652 3025 753 3093 Mete.)
764 3028 860 3084 verbis
874 3032 901 3084 a
912 3030 1064 3084 cantinaetm
1076 3028 1186 3099 manu,
1199 3027 1259 3096 (Fr.
1270 3027 1328 3084 Inc.

242 3116 312 3181 88),
324 3111 421 3168 Douza
431 3109 497 3170 huic
504 3111 673 3184 Fragmenta
689 3109 798 3166 affinxit
812 3127 849 3168 ca
865 3113 1087 3170 continentia
1100 3115 1144 3169 nir
1155 3117 1250 3186 aranas
1264 3118 1328 3181 etc,
1346 3151 1348 3154 -

243 3198 373 3269 quamvis
389 3198 418 3252 in
433 3197 564 3254 omnibus
588 3196 655 3252 edd.
670 3197 817 3266 leguntur,
840 3189 993 3254 falsissima
1012 3203 1086 3254 sunt.
1119 3199 1190 3254 Nam
1204 3202 1333 3268 praeter·
1376 3217 1378 3221 ·

244 3299 344 3354 quam,
363 3281 440 3354 quod
456 3281 525 3337 nihil
541 3283 626 3353 plane
640 3279 745 3336 indicio
761 3286 805 3337 est
818 3281 891 3338 haec
906 3283 1089 3352 cohaesisse,
1113 3282 1221 3338 Nonius
1237 3299 1330 3338 exem-

244 3368 292 3438 plo
304 3364 474 3422 Sallustiana
489 3366 573 3422 utitur
587 3365 626 3422 ad
638 3365 814 3437 probandum
823 3383 909 3441 yram
922 3361 998 3426 idem
1009 3385 1074 3424 esse
1088 3374 1170 3440 alque
1182 3368 1329 3436 molestam,

247 3467 319 3521 quae
343 3450 423 3506 vocis
444 3455 570 3523 potestas
590 3452 625 3507 ab
641 3450 775 3506 Arusiani
792 3454 855 3510 loeo
876 3459 919 3512 est
934 3455 1116 3512 alienissima.
1132 3484 1175 3494 -
1210 3452 1330 3530 Debros-

247 3535 322 3602 sius,
344 3536 391 3606 qui
408 3536 469 3592 sine
487 3535 591 3592 idonea
607 3553 710 3592 caussa
724 3538 812 3594 verba
827 3537 863 3596 de
879 3538 1003 3596 Sertorio
1017 3540 1231 3612 interpretatur,
1254 3537 1330 3610 quod

247 3622 455 3760 00005ιὲ00300
469 3625 561 3692 neque
578 3619 712 3678 affirmari
727 3628 834 3694 potest,
855 3629 1005 3698 praeterea
1017 3641 1069 3697 pro
1085 3632 1111 3682 et
1125 3625 1201 3682 nulla
1219 3624 1331 3697 scripsit

245 3719 297 3760 nec
369 3744 377 3760 .

215 3889 216 3894 η
330 3811 377 3866 Fr.
402 3811 448 3868 87.
483 3810 573 3880 [Cart.
594 3829 622 3884 p.
645 3815 708 3873 957.
738 3814 811 3871 Gerl.
833 3815 879 3872 ed.
904 3817 969 3873 mai.
992 3816 1033 3887 n,
1064 3819 1107 3876 18.
1144 3816 1190 3871 ed.
1207 3818 1274 3873 min.
1297 3817 1331 3893 11,

246 3897 289 3954 01.
305 3911 334 3966 p.
348 3898 415 3964 804,
436 3901 478 3954 10.
518 3896 599 3953 Debr.
617 3899 721 3971 1,18]
757 3901 853 3957 Verba
874 3902 1023 3958 laudantur
1048 3917 1065 3957 a
1086 3901 1177 3957 Nonio
1191 3903 1248 3972 IV,
1268 3908 1330 3962 805.

246 3982 294 4050 (p.
309 3984 376 4051 810,
391 3986 435 4040 nl.
455 3982 574 4052 11000),
596 3982 696 4040 Servio
713 3983 751 4040 ad
765 3987 846 4059 Virg.
863 3988 935 4045 Aen.
953 3987 990 4056 11,
1006 3991 1065 4055 sn,
1086 3986 1196 4043 Donato
1212 3987 1248 4042 ad
1267 3987 1331 4046 Ter.

245 4063 364 4120 Pharum·
375 4067 401 4135 l,
416 4070 449 4136 4,
472 4071 514 4126 15.
537 4073 564 4122 et
580 4068 617 4125 ed
636 4069 740 4142 Heoyr.
756 4071 811 4139 lv,
826 4078 857 4140 1,
876 4077 937 4140 18,
960 4072 1112 4143 exquibus
1128 4073 1207 4128 solus
1224 4073 1349 4130 Nonius

246 4151 359 4218 librum,
370 4151 445 4207 unde
457 4151 606 4227 desumpta
619 4159 693 4222 sunt,
710 4156 873 4226 nominavit,
886 4157 1009 4214 Donatus
1021 4162 1169 4229 praeterea
1180 4155 1217 4212 ad
1228 4157 1332 4230 Hecyr.

246 4237 365 4291 verbum
386 4237 555 4296 dimittantur
571 4255 628 4295 non
645 4239 740 4298 habet.
772 4241 876 4298 Omnes
896 4244 958 4298 loco
976 4240 1102 4298 Sallustii
1122 4247 1273 4314 propterea
1289 4245 1333 4300 usi

248 4325 327 4390 sunt,
350 4327 380 4376 ut
394 4327 546 4398 probarent
556 4327 691 4402 fiduciam
711 4328 784 4384 malo
800 4343 887 4384 sensu
903 4326 959 4388 diei
974 4343 1027 4402 pro
1040 4327 1144 4385 audaci
1155 4328 1333 4404 1010000000.
