3096 4962
247 387 300 434 ΧΠ
551 379 719 438 EDITORIS
741 379 917 448 EPISTOLA
941 381 1084 442 cutmen

245 560 462 642 Kreyssigium
487 564 590 626 denuo
615 565 655 624 ad
678 579 716 625 ea
742 565 906 626 tractanda
926 564 1068 642 vocavit,
1094 575 1130 630 ut
1156 587 1196 632 ex
1217 567 1294 650 ipsis
1318 571 1385 636 eius

246 666 352 727 verbis
375 683 568 743 eognosoes3
600 668 629 729 in
650 669 749 729 Prael.
774 668 855 730 enim
877 687 909 745 p.
932 673 983 730 Vl.
1013 671 1251 747 ‚,Gerlaobium,
1274 673 1383 751 inquit,

246 787 309 830 non
342 771 444 831 solum
478 768 509 830 in
544 769 592 832 his
624 771 879 833 Sallustianamm
900 773 1114 836 ‘Historiarum
1144 775 1283 852 reliquiis
1317 777 1384 840 sive

247 874 448 936 emendandis
485 873 552 935 sive
583 874 776 951 explicandis
814 875 1079 954 negligentissime
1110 885 1287 953 versatum,
1326 881 1384 942 sed

247 976 337 1038 etiam
367 975 627 1038 commentatione
657 985 765 1039 nostra
801 985 894 1056 atque
909 1014 912 1024 ,
929 977 1065 1040 editione
1092 981 1233 1042 Romana
1267 983 1384 1046 nostris

246 1079 498 1144 adnotationibus
524 1082 713 1157 locupletata
739 1079 932 1158 ineptissime
968 1083 1101 1144 abusum
1131 1099 1204 1144 esse
1235 1082 1382 1146 intellexi.

245 1184 289 1242 Ne
306 1181 399 1260 igitur
417 1199 544 1258 eorum,
577 1199 658 1262 quae
678 1183 858 1248 Gerlaehius
884 1201 942 1260 per
964 1183 1204 1262 imprudentiam
1230 1186 1383 1262 peeoavit,

245 1301 318 1347 reus
345 1303 469 1362 agerer,
498 1293 530 1348 et
556 1285 726 1348 lectoribus
760 1293 895 1364 utroque
923 1291 1077 1365 opusculo
1106 1305 1176 1350 meo
1207 1288 1383 1352 parentibus

246 1387 397 1451 delirasse
419 1387 558 1465 viderer,
588 1386 662 1450 mihi
684 1395 860 1464 temperare
890 1407 954 1452 non
978 1390 1082 1468 potui,
1110 1391 1278 1468 quominus
1300 1393 1383 1454 orani

244 1491 296 1554 illa
324 1507 464 1555 errorum
484 1491 757 1554 Gerlaelrianorum
786 1493 922 1557 vanitate
946 1494 1162 1556 convincenda
1188 1496 1288 1558 lamae
1309 1512 1383 1556 oon·

245 1598 412 1659 solerem.“
458 1595 566 1658 Omnia
584 1594 676 1672 igitur
686 1612 703 1669 ,¹
717 1612 798 1672 quae
821 1595 893 1658 olim
914 1597 1010 1659 variis
1028 1595 1222 1676 temporibus
1243 1597 1285 1657 ad
1305 1597 1405 1659 haee*

244 1700 429 1775 Fragmenta
450 1696 632 1758 illustranda
653 1697 837 1776 scripserat,
856 1699 1002 1762 inunum
1023 1703 1169 1773 eolleota,
1193 1707 1297 1775 aucta,
1327 1717 1382 1762 not

244 1801 356 1878 visque
378 1799 568 1878 argumentis
590 1800 710 1860 irmata
729 1801 965 1878 comprehendit
985 1803 1080 1879 libro,
1102 1819 1195 1881 quem
1215 1801 1261 1864 sie
1276 1802 1382 1866 inseri-

244 1904 320 1984 psit:
350 1903 572 1966 commentatio
602 1903 642 1963 de
669 1903 701 1963 C.
727 1902 864 1964 Sallustii
892 1905 990 1985 crispi
1018 1905 1225 1970 Historiarum
1254 1906 1306 1966 lib.
1331 1909 1380 1968 llt

243 2007 452 2085 Fragmentis,
479 2024 519 2068 ex
546 2004 734 2067 biblotheca
763 2003 948 2082 consensa,
978 2009 1151 2072 Sueborum
1178 2007 1319 2086 reginae,
1332 2043 1335 2052 ν
1350 2010 1381 2072 in

243 2111 425 2173 Vetioanam
451 2106 624 2182 translatis,
657 2113 751 2184 atque
779 2107 926 2171 Carminis
949 2111 1047 2173 Latini
1075 2112 1115 2172 de
1138 2115 1229 2175 Bello
1249 2113 1380 2177 Attiaoo

244 2213 311 2278 sive
336 2211 550 2277 Alexandrino
577 2211 776 2287 Fragmenta,
806 2227 845 2272 ex
871 2212 1032 2275 volumine·
1049 2214 1275 2276 Herculanensi
1296 2220 1380 2278 evul-

243 2325 325 2396 gata.
375 2317 488 2379 lterum
518 2313 614 2378 edidit
637 2312 660 2374 Ι.
685 2314 826 2392 Tlreoph.
852 2314 1065 2394 Kreyssigius.
1115 2317 1255 2380 Misenae
1289 2317 1380 2382 leat.

245 2424 330 2498 Quae
352 2418 570 2482 commentatio
595 2415 777 2481 deotissime
800 2426 947 2496 quantam
965 2420 1037 2482 milri
1059 2419 1220 2482 utilitatem
1241 2421 1273 2482 in
1287 2423 1380 2498 Frag-

244 2524 355 2586 mentis
375 2518 534 2584 Vaticanis
555 2519 747 2599 explicandis
766 2520 958 2602 praebuerit,
982 2539 1040 2584 suo
1061 2523 1131 2584 loeo
1154 2522 1325 2600 apparebit.

328 2626 399 2688 Alia
425 2624 579 2702 quaedam
610 2631 766 2687 vetustate
797 2644 861 2688 non
899 2624 1003 2686 nrinus
1033 2624 1165 2702 insignia
1196 2625 1380 2702 Fragmenta

243 2731 299 2813 (ll,
325 2729 376 2788 47.
407 2727 458 2788 49η.
483 2726 539 2802 50,
568 2726 628 2802 1.),
655 2745 735 2804 quae
764 2728 794 2788 in
825 2730 883 2790 hae
914 2727 1051 2788 editione
1072 2727 1204 2805 primum
1227 2745 1285 2789 suo
1307 2730 1378 2790 loeo

244 2837 440 2908 comparent,
468 2832 572 2892 laoero
600 2830 753 2895 debentur
777 2830 852 2893 lolio
880 2829 1099 2910 palimpsesto,
1136 2832 1222 2907 quod
1249 2831 1378 2894 Heinius

244 2933 456 2998 Berolinensis
480 2935 650 2996 litterarum
676 2951 790 2996 oaussa
811 2933 990 3012 Hispaniam
1012 2949 1184 3012 peragrans
1206 2934 1378 2997 Toleti're·

243 3045 366 3118 pertun
389 3045 589 3117 emptumque
610 3037 818 3100 bibliothecae
841 3038 946 3114 regiae
966 3037 1161 3100 Berolinensi
1184 3038 1268 3098 dono
1289 3037 1378 3098 obtu-

243 3143 286 3205 lit.
330 3141 404 3205 Eius
428 3143 604 3218 exemplum
626 3141 765 3202 Pertzius
785 3138 931 3200 a.'1848.
957 3139 1021 3199 aeri
1043 3140 1162 3200 affabre
1182 3137 1314 3200 incisum
1338 3145 1377 3213 et,

244 3253 394 3324 quantum
412 3244 513 3323 potuit
535 3242 603 3304 lieri
624 3241 711 3302 in‘re
731 3255 816 3302 nova
837 3246 868 3300 et
896 3241 1046 3316 obseura,
1074 3241 1260 3302 illustratum
1281 3240 1378 3303 edidit

243 3351 301 3410 sub
320 3350 381 3408 hoe
402 3347 505 3409 titulo:
533 3347 626 3408 Ueter
646 3349 696 3406 eiu
715 3343 980 3404 Brochubelus
1001 3342 1052 3406 98.
1069 3345 1173 3406 Bareas
1192 3345 1248 3404 ¹des
1261 3344 1378 3414 Lauta:

242 3468 305 3511 non
328 3449 488 3523 dubitare,
508 3446 582 3525 quin
604 3447 702 3508 verba
724 3447 806 3507 bunc
828 3451 988 3506 auctorem
1008 3447 1159 3508 haberent
1180 3453 1212 3508 et
1232 3447 1273 3506 ad
1292 3445 1376 3508 illum

242 3549 309 3612 eius
332 3550 436 3628 operis
458 3551 569 3613 libram
593 3550 789 3625 deperditum
806 3547 1006 3626 pertinerent.
1050 3551 1083 3611 ld
1107 3565 1202 3628 quum
1224 3547 1291 3611 aliis
1309 3563 1377 3626 per·

243 3652 411 3728 suasisset,
432 3659 497 3715 tum
519 3651 677 3732 persuasit
692 3652 893 3734 Kreyssigio,
918 3653 971 3730 qui
989 3653 1113 3717 duobus
1135 3652 1246 3715 libellis
1262 3650 1377 3712 doetis-

243 3755 382 3820 simisa
408 3753 498 3818 1849.
527 3762 558 3817 et
581 3753 672 3816 1852.
699 3755 804 3831 editis,
838 3770 969 3832 quorum
996 3755 1083 3834 prior
1111 3755 1157 3818 sio
1184 3752 1375 3814 inscribitur:

244 3862 451 3922 emmanuele
471 3861 510 3922 de
531 3859 873 3922 membraturam
893 3862 1027 3936 reliquiis
1047 3875 1089 3918 ex
1100 3859 1293 3934 palimpsesto
1316 3855 1377 3918 Fo-

243 3967 341 4026 letrmo
362 3967 472 4033 eraclia·
492 3995 535 4008 -·
556 3962 714 4039 posterior
734 3961 818 4022 buno
834 3961 929 4021 habet
944 3961 1082 4023 titulum:
1107 3960 1205 4020 Curae
1226 3960 1377 4020 secundae

242 4069 286 4128 od
303 4067 335 4128 Τ.
350 4069 430 4129 livii
441 4067 570 4128 Historr.
590 4069 738 4142 reliquias
754 4070 829 4140 eto,
852 4058 1125 4140 plurimosPertzii
1147 4075 1270 4122 errores
1293 4057 1376 4120 haud
1455 4123 1459 4132 ,

244 4187 320 4232 sane
346 4173 432 4230 leves
461 4169 612 4246 correxit,
639 4175 670 4230 et
694 4163 844 4243 imprimis
870 4165 931 4226 hoe
958 4168 1042 4224 reete
1069 4162 1160 4236 vidit,
1195 4155 1375 4240 paginarum

244 4271 383 4334 ordinem
414 4273 452 4333 ab
482 4287 520 4333 eo
547 4285 619 4334 esse
646 4270 820 4342 inversum,
847 4274 895 4344 ut,
927 4281 1008 4344 quae
1035 4281 1070 4327 re
1093 4281 1169 4328 vera
1195 4266 1295 4343 prima
1317 4270 1375 4338 est,

243 4377 322 4439 falso
344 4375 429 4456 apud
447 4373 532 4436 illurn
550 4371 690 4440 secunda
711 4371 764 4448 sit,
787 4377 818 4434 et
839 4376 956 4432 eontra.
1001 4366 1059 4448 Qui
1081 4365 1194 4432 deinde
1216 4369 1257 4430 de
1282 4367 1376 4433 novis
