3062 4958
455 361 704 422 HISTORIARUM
726 361 950 420 FRAGMENTA
975 364 1041 420 tte.
1057 364 1103 420 ΙΙΙ.
1266 356 1329 434 179

218 551 373 636 amirari,
401 549 553 636 Quirites.
594 551 676 620 Nam
701 569 796 640 spem
821 549 946 620 fnestra
974 550 1079 621 luisse
1108 549 1325 620 intellexistis.

246 677 340 748 Sulla
358 679 506 760 mortuo,
528 675 583 768 qui
603 676 781 746 scelestum
802 675 1004 768 imposuerat
1025 674 1212 761 servitium,
1227 675 1326 770 finem

205 801 322 874 10mali
348 798 555 874 credebatis..
586 795 688 870 Ortus
706 802 759 870 est
781 797 884 891 longe
910 799 1043 872 saeuior
1065 797 1212 872 Catulus.
1253 802 1325 872 Tu-

245 921 367 994 multus
382 921 567 996 intercessit
588 923 692 994 Bruto
712 925 746 994 et
764 923 927 995 Mamerco
951 923 1164 1012 consulibus3
1194 921 1270 994 dein
1288 922 1323 996 Cu

246 1045 345 1117 Curio
370 1048 414 1118 ad
440 1047 575 1120 exitium
600 1069 708 1140 usque
736 1048 875 1120 insontis
902 1025 1022 1130 tribuni
1049 1048 1236 1118 dourinatus
1263 1050 1323 1119 est

203 1181 234 1233 11
245 1171 401 1242 Lucullus
418 1171 589 1263 superiore
611 1193 698 1243 anno
723 1170 853 1266 quantis
880 1171 996 1242 anirnis
1018 1170 1090 1241 ierit
1107 1171 1142 1240 in
1162 1173 1198 1242 L.
1215 1170 1323 1256 Quin-

243 1297 358 1382 ctium,
382 1296 528 1386 vidistis3
558 1300 700 1389 quantae
723 1297 863 1391 denique
886 1319 973 1367 nunc
998 1295 1075 1366 mihi
1101 1296 1216 1366 turbae
1238 1317 1323 1368 con·

326 1539 354 1598 s
371 1537 414 1592 11.
436 1537 545 1606 quentis
560 1537 713 1606 eructuem.
731 1552 758 1591 e.
780 1540 884 1608 quanta
901 1535 1050 1608 superbia,
1070 1552 1125 1606 quo
1146 1537 1220 1592 tastu
1236 1541 1262 1590 et
1281 1553 1325 1592 ar-

241 1618 385 1691 rogantia3
404 1620 440 1672 cl.
455 1620 500 1676 Fr.
515 1621 626 1691 Hist.‚l
641 1625 689 1689 45,
705 1624 749 1680 24.
781 1621 875 1688 erare
892 1622 1063 1693 reuertente
1082 1623 1322 1717 uqmimetuni-

241 1695 1321 1773 mireweeurv.1)rakenb.admvvlt,lo‚8.1nvioioseremauxtsse

241 1781 365 1844 Macrum
381 1793 457 1860 patet
473 1806 509 1844 ex
526 1790 695 1848 Plutarcho
689 1807 716 1846 rn
731 1791 839 1846 Lucull.
855 1806 879 1844 c.
896 1796 928 1858 5,
942 1798 1013 1846 extr.
1037 1779 1169 1848 Λεύκιον
1184 1782 1217 1846 δὲ
1231 1779 1322 1848 Ko'iu

240 1890 315 1967 τον,
323 1861 413 1928 ditor
431 1860 624 1967 δημαγωγὸν,
640 1867 846 1932 ἐπαναστάντα
861 1874 921 1943 τοῖς
936 1863 1040 1930 Zella
1061 1864 1254 1948 πολιτεύμασι
1271 1869 1322 1932 καί

240 1945 392 2052 ταράττειν
412 1973 448 2012 τα
469 1947 627 2054 πράγματα
647 1948 827 2036 πειρώμενον
848 1951 881 2016 ἐκ
901 1958 954 2016 τοῦ
975 1955 1267 2053 miseserabiliter
1287 1977 1322 2018 τε

239 2028 356 2098 πολλὰ
380 2033 728 2138 παραμυθούμενος
752 2036 814 2100 uui
827 2039 1006 2136 δημοσίᾳ
1030 2042 1223 2102 νουθετῶν
1249 2028 1320 2101 dui-

239 2136 325 2200 στησε
342 2123 393 2199 τῆς
409 2121 511 2202 στείρας
532 2122 583 2184 ναὶ
599 2117 785 2204 κατεστόρεσε
803 2111 857 2201 τὴν
878 2123 1057 2201 φιλοτιμίαν.
1082 2128 1122 2184 De
1138 2128 1168 2182 L
1192 2129 1320 2197 Quinctio

240 2227 268 2266 v.
284 2213 367 2266 etiam
385 2209 442 2282 Cic.
462 2212 539 2272 Brut.
556 2232 582 2270 e.
601 2217 652 2280 62,
673 2216 800 2270 228-
757 2211 993 2285 —Apebautum
1016 2211 1092 2282 quod
1112 2229 1210 2268 omnes
1232 2213 1318 2269 codd.

240 2295 371 2362 tenent,
364 2311 392 2350 m
411 2295 585 2366 interpolatis
602 2296 669 2352 edd.
693 2297 768 2352 male
784 2298 946 2352 πευίαιαιη
940 2313 966 2352 rn
990 2301 1154 2369 operentum
1175 2311 1240 2352 nam
1264 2314 1319 2368 quo

240 2380 378 2436 sententia
399 2381 513 2452 gravior
535 2381 600 2450 liat,
626 2397 698 2454 quae
720 2381 877 2452 potuissent
899 2380 977 2449 fieri,
998 2381 1093 2438 Macer
1117 2387 1146 2436 ut
1173 2382 1228 2450 iarn
1246 2383 1321 2438 lacta

240 2466 377 2522 enunciat.
392 2462 521 2524 Ceterum
544 2482 615 2539 quae
629 2483 687 2523 non
704 2467 787 2522 unice
810 2465 847 2522 ad
868 2467 1026 2538 proximum
1046 2483 1148 2524 nomeu
1163 2465 1261 2524 turbae
1277 2483 1320 2522 re·

239 2551 339 2619 lectur,
355 2549 407 2606 sed
424 2551 659 2622 omniaomnia,
675 2568 747 2623 quae
763 2553 790 2606 in
805 2551 1034 2608 antecedentibus
1049 2551 1124 2608 dicta
1143 2555 1221 2618 scuit,
1244 2569 1319 2608 com·

236 2637 377 2708 plectitur.
391 2665 433 2676 -
452 2636 505 2692 His
519 2637 639 2694 ciuilibus
653 2639 740 2692 uruu's
755 2643 799 2692 est
813 2637 841 2692 iu
850 2639 977 2708 portium
990 2639 1154 2706 certamine,
1169 2636 1243 2710 ᾳανά
1256 2636 1319 2692 iude

237 2739 256 2775 u
270 2720 363 2776 Murio
381 2725 409 2776 et
426 2719 506 2778 Sulla
519 2737 605 2794 eisque
619 2723 658 2778 ed
676 2721 730 2778 boc
755 2728 860 2794 tempus
873 2724 1075 2818 pertinuit.
1033 2721 1173 2778 -Dictu
1189 2722 1260 2790 αίία,
1276 2737 1317 2778 sc.

236 2807 305 2874 siut,
324 2805 363 2860 uct
388 2819 517 2863 caussam
537 2808 693 2862 certaminis
714 2785 907 2878 probandum,
934 2807 954 2862 i.
977 2824 1002 2860 e
1026 2823 1110 2878 quum
1134 2808 1189 2862 ulie
1211 2764 1319 2877 quidem

232 2894 384 2960 praeterea
409 2894 564 2961 puquetum
590 2893 639 2958 sit,
667 2890 717 2946 sert
740 2904 841 2946 reuera
864 2896 997 2946 certum
1021 2897 1150 2945 etc—-
1180 2890 1319 2948 Certatum

237 2976 417 3043 utrimque
434 2973 501 3043 quid
519 2974 568 3041 sit,
583 2980 659 3044 patet
675 2990 710 3028 ex
727 2973 772 3028 Fr.
788 2973 816 3042 Ι,
830 2979 873 3034 11.
892 2975 983 3030 Pauci
996 2978 1123 3045 potentes
1141 2975 1191 3030 sub
1206 2973 1318 3030 honesto

234 3064 380 3130 patrum
401 3063 460 3114 aut
471 3058 590 3130 piebis
610 3059 717 3116 mmiue
732 3059 941 3128 deminutiorem
955 3058 1131 3130 affectabunt.
1160 3057 1228 3114 Siue
1243 3061 1318 3116 iusta

237 3159 340 3198 caussa
355 3142 438 3215 igitur
452 3142 485 3198 R.
501 3145 650 3201 Jacobsius
664 3159 715 3216 pro
736 3145 871 3216 utrinque
889 3141 1067 3200 scribendum
1085 3141 1206 3198 coniecit
1217 3145 1316 3214 utrque,

236 3244 328 3300 oeque
344 3228 437 3300 magis
455 3229 645 3286 necessarium
662 3236 710 3286 aut
727 3245 826 3285 verum
842 3233 900 3295 est,
924 3227 1000 3300 quod
1014 3228 1152 3282 Ltokerus
1173 3225 1209 3282 de
1223 3226 1317 3284 Praei.

238 3313 314 3370 urbis
334 3314 412 3370 Ferr.
442 3315 490 3370 lat.
514 3331 542 3388 p.
570 3318 614 3385 8.,
634 3316 739 3371 reiecta
763 3313 889 3370 Jacobsii
910 3313 1086 3380 coniectura,
1105 3311 1253 3384 proposuit
1273 3316 1315 3368 ut-
1376 3375 1385 3398 ,

237 3413 353 3472 meroque.
385 3399 493 3471 Quippe
517 3404 628 3473 praeter
654 3400 763 3456 nobiles
787 3399 885 3454 Macer
898 3398 989 3454 etiam
1012 3402 1168 3466 nomicos,
1190 3397 1237 3470 qui
1257 3397 1317 3472 ple-

236 3484 280 3540 bis
302 3499 433 3540 caussam
455 3501 489 3540 se
507 3501 592 3558 agere
611 3485 775 3542 simulantes
798 3483 1016 3539 dominationem
1033 3481 1220 3553 affectabant,
1240 3483 1318 3539 velut
1397 3479 1401 3484 '

238 3568 325 3625 Cinna
345 3574 372 3623 et
395 3567 530 3638 Lepidus.
555 3599 597 3608 —
621 3570 665 3627 De
688 3569 869 3626 dementiore
887 3569 922 3624 iu
943 3568 1040 3626 uobis
1062 3565 1225 3623 Gerlaehius
1251 3566 1315 3624 Vol.

235 3653 282 3709 lll.
299 3670 327 3725 p.
348 3655 392 3712 95.
411 3652 565 3710 miserabili
585 3654 670 3710 modo
691 3655 744 3722 ita,
767 3653 792 3708 si
815 3652 869 3708 diis
891 3653 999 3724 placet,
1021 3654 1154 3720 illustrat,
1173 3659 1201 3708 ut
1221 3651 1257 3708 ad
1274 3652 1315 3706 in·

237 3740 333 3796 sanias
354 3752 438 3804 suas,
461 3738 561 3808 quibus
577 3756 608 3810 p.
627 3745 672 3800 51.
685 3741 832 3795 barbaram
846 3739 1082 3794 constructionem
1096 3738 1143 3794 Fr.
1159 3737 1186 3805 l,
1201 3740 1226 3796 9.
1248 3747 1314 3809 que-

235 3841 298 3882 rum
318 3825 353 3878 iu
373 3824 495 3894 pretia
509 3824 638 3896 ptem'que
661 3827 915 3880 concesseruut
928 3822 1069 3896 defendit,
1090 3822 1316 3878 lectoresremit·

235 3915 288 3978 tat,
315 3915 342 3964 et
372 3913 519 3979 praeterea
544 3907 604 3964 Cat.
630 3925 656 3964 c.
682 3913 726 3968 42.
753 3914 910 3980 comparet,
936 3909 981 3964 ubi
1013 3926 1048 3964 ne
1080 3909 1169 3964 littera
1200 3904 1315 3978 quidem

236 4001 295 4064 est,
312 4008 384 4065 quae
403 3993 459 4050 huc
481 3994 629 4065 pertineat.
649 3994 772 4052 Ablativi
792 3994 864 4050 ratio
881 3994 1038 4065 repetenda
1057 3999 1101 4048 eet
1121 4009 1138 4048 a
1158 3993 1245 4048 verbo
1264 3991 1314 4046 elo-

235 4081 352 4142 mrireri;
374 4077 451 4150 quod
471 4095 556 4151 quum
575 4079 792 4151 transumatur,
817 4085 848 4136 ut
866 4079 912 4133 vel
933 4079 1034 4150 quietis
1055 4077 1132 4134 notio
1152 4077 1316 4148 praevaleat

235 4164 398 4236 (demutari,
414 4165 434 4220 i.
450 4179 476 4220 e.
495 4163 636 4224 dontinurn
652 4181 729 4234 esse,
744 4166 773 4219 iu
787 4164 880 4236 αίίᾳαα
899 4164 961 4234 re),
976 4166 1023 4224 vel
1039 4168 1129 4222 motus
1152 4160 1314 4218 electionis

235 4248 264 4310 in
279 4249 417 4312 obiectum
430 4249 552 4314 directae
567 4250 643 4312 notio
657 4250 749 4330 potior
764 4249 799 4306 sit
821 4249 985 4328 (dommurip
1007 4251 1026 4305 i.
1049 4267 1075 4314 e.
1097 4247 1314 4314 dominationem
