3098 4970
186 359 230 425 54
550 359 580 418 C.
604 357 778 417 SALLUSTI
802 354 915 416 uulsa}
991 387 996 395 ·

190 552 296 652 dentis
310 573 447 636 vereor,
472 571 514 620 ne
529 547 614 620 allus
634 548 735 620 alium
751 545 931 642 principem
954 545 1186 640 exspectantes
1203 545 1280 614 ante

190 677 362 784 capiamini
382 678 469 767 (non
482 675 602 769 opibus
617 673 704 763 eius,
725 699 811 772 quae
825 671 938 745 sutiles
954 675 987 742 et
1001 673 1177 764 corruptae
1189 672 1278 754 sunt,

175 889 341 958 'sanun
359 883 575 944 596.eu.vl11.
599 913 642 922 -
664 882 738 940 Ante'
754 881 879 938 audeatis
899 880 928 936 in
950 877 996 934 ed.
1017 877 1116 947 conii,
1140 878 1282 938 Gerlachii
1312 937 1316 944 ,

196 971 262 1026 mai.
274 975 302 1026 et
317 969 436 1025 Weissii
451 967 577 1024 additum
595 969 697 1041 legitur
711 982 775 1034 uos,
791 965 867 1037 quod
883 965 1047 1020 auctoritate
1062 962 1192 1020 codicum
1206 964 1282 1020 vau.

193 1073 257 1112 curn
273 1054 378 1111 Orellio
394 1055 556 1122 omisimus,
577 1052 711 1125 loquendi
733 1068 786 1109 usu
803 1051 885 1105 etiarn
904 1054 933 1105 ut
954 1049 983 1104 id
1005 1048 1084 1105 fieret
1105 1050 1283 1123 postulantc;

194 1141 232 1196 et.
244 1139 396 1196 Grammat.
406 1141 454 1195 lat.
471 1145 560 1195 nostr.
575 1143 602 1206 ς.
617 1141 684 1207 112,
701 1143 727 1195 1.
743 1153 772 1210 p.
787 1139 850 1195 229.
870 1135 987 1206 Grysar.
998 1133 1059 1188 Art.
1075 1136 1124 1190 let.
1141 1134 1283 1190 scribendi

194 1243 223 1299 p.
239 1230 275 1285 26
290 1241 334 1296 sq.
353 1224 508 1280 Heinichen
523 1223 585 1280 Art.
603 1226 649 1278 lat
670 1225 755 1279 scrib.
774 1226 801 1287 S.
815 1224 859 1280 39.
878 1237 906 1292 ρ.
926 1221 971 1277 99.
988 1218 1034 1273 ed.
1050 1219 1083 1274 ll.
1104 1251 1147 1262 -
1171 1219 1285 1277 Princi-

128 1319 131 1324 ’
188 1325 257 1384 pent
275 1311 292 1364 i.
308 1327 333 1366 e.
350 1309 545 1382 incipientem,
568 1309 675 1364 initium
692 1308 858 1378 facientem,
880 1304 916 1359 de
932 1319 988 1375 qua
1002 1304 1084 1360 vocis
1099 1307 1237 1378 potestate
1255 1323 1285 1361 v.

194 1395 231 1450 ad
248 1393 309 1452 Cat.
325 1393 470 1462 anxit,
487 1399 514 1452 9.
529 1412 559 1467 p.
576 1397 637 1453 119.
680 1392 727 1448 Ad
742 1391 909 1449 sententiam
924 1388 1034 1445 Curtius
1048 1405 1105 1446 non
1121 1390 1194 1446 male
1210 1407 1286 1448 corn·

194 1481 305 1553 paravit
320 1480 381 1535 Liv.
395 1480 436 1547 ll,
451 1485 499 1548 lo,
513 1483 541 1538 9.
585 1479 712 1546 Cunctati
731 1475 900 1550 amendia
920 1480 997 1543 sunt,
1019 1475 1083 1532 dum
1104 1476 1175 1532 albu
1191 1475 1286 1550 atum,

193 1571 224 1623 ut
231 1566 370 1639 melium
383 1564 530 1637 incoeptant,
552 1567 792 1636 circumspectant.
836 1561 934 1632 Neque
962 1557 1110 1616 dissimilia
1129 1567 1193 1616 sunt
1214 1577 1285 1634 quae

195 1652 325 1723 leguntur
342 1647 423 1704 Catil.
439 1665 464 1703 c.
482 1648 544 1716 LII,
559 1653 603 1707 98.
624 1678 668 1686 -
697 1648 777 1715 Quae
799 1634 954 1717 sequuntur
975 1645 1062 1701 verba
1082 1652 1110 1701 ct
1131 1646 1285 1720 scripturae

198 1734 403 1806 discrepantia,
423 1739 451 1787 et
470 1733 644 1804 singulorum
658 1733 861 1787 vocabulorum
877 1730 983 1784 incerta
1000 1731 1107 1786 ratione
1129 1737 1185 1787 tarn
1200 1733 1287 1804 impe·

197 1819 256 1874 dita
271 1823 349 1886 sunt,
370 1817 442 1872 utin
463 1822 518 1872 toto
535 1815 669 1874 Sallustio
686 1816 874 1872 difficiliorem
893 1815 986 1871 locum
1013 1817 1141 1872 noverim
1162 1817 1286 1886 nullum;

197 1919 280 1976 quem
296 1904 361 1958 licet
377 1917 474 1958 omnes
490 1901 614 1958 editores
637 1901 696 1957 iure
717 1919 768 1975 pro
796 1906 926 1972 corrupto
948 1899 1112 1971 habuerint,
1139 1905 1232 1958 tamen
1259 1903 1288 1958 in

199 2005 233 2044 eo
257 1985 435 2042 emendando
461 2001 518 2042 non
544 1989 582 2042 ita
606 1989 711 2044 versati
731 1991 810 2054 sunt,
834 1991 864 2041 ut
884 1987 1005 2040 obscura
1026 2003 1072 2042 res
1096 1986 1133 2044 ad
1151 1985 1287 2059 liquidum

147 2133 153 2140 ,
198 2071 335 2145 perducta
351 2074 475 2144 satisque
492 2072 657 2128 confirmata
678 2073 771 2130 videri
790 2072 896 2144 possit..
936 2069 1101 2129 Gerlachius
1121 2073 1150 2128 in
1170 2079 1288 2145 utraque

200 2156 247 2213 ed.
261 2157 375 2230 scripsit
389 2163 419 2213 ut
433 2158 462 2214 in
478 2158 562 2214 codd.
577 2159 694 2231 legitur:
721 2174 804 2232 mmm
824 2161 965 2229 ruptum
986 2157 1037 2213 iri
1061 2157 1136 2231 iicet,
1162 2166 1187 2213 et
1206 2175 1289 2232 quam
1339 2187 1342 2191 ·

198 2243 300 2300 audeat
317 2247 374 2298 mm
389 2243 478 2300 cidere·
498 2243 621 2318 felieeen,
646 2244 743 2318 inqua
760 2245 899 2314 scriptura
913 2257 1012 2298 omnes
1026 2244 1218 2313 consentiunt,
1234 2245 1289 2300 nisi

198 2328 275 2401 quod
302 2343 355 2401 pro
383 2329 486 2386 audeut
510 2330 538 2385 in
554 2330 619 2384 Vat.
636 2332 664 2387 3.
692 2336 735 2385 est
757 2329 877 2395 audeus,
899 2329 927 2382 in
944 2328 1008 2383 Vat.
1029 2335 1057 2387 2.
1081 2331 1191 2386 audias.
1229 2331 1289 2385 lam

199 2415 223 2470 si
239 2415 362 2486 quaeris,
379 2431 434 2487 quo
454 2430 541 2469 sensu
556 2426 659 2484 repere
676 2412 780 2469 dictum
797 2414 841 2479 sit,
857 2427 907 2467 cur
921 2413 1070 2484 infinitivus
1080 2413 1174 2486 futuri
1182 2417 1292 2486 passivi

198 2499 308 2572 positus
324 2499 373 2565 sit,
389 2497 426 2553 ad
442 2497 583 2568 quodnam
598 2495 729 2553 obiectum
746 2498 801 2553 hoc
818 2497 935 2552 verbum
951 2498 1101 2563 reseratur,
1128 2498 1210 2568 quale
1225 2501 1290 2555 sub·

199 2585 303 2639 lectum
322 2584 383 2638 licet
395 2581 512 2650 habeat,
530 2598 580 2637 cur
594 2582 656 2637 licet
669 2581 838 2649 indicativo,
854 2580 970 2648 uudmt,
989 2597 1040 2652 per
1056 2587 1083 2638 et
1098 2582 1138 2637 illi
1154 2582 1288 2652 iunctum,

200 2667 381 2724 coniunctius
397 2667 574 2722 enunciatum
600 2667 650 2735 sit,
674 2684 724 2723 cur
742 2666 866 2739 selbun,
891 2681 927 2719 en
944 2665 1033 2720 videri
1049 2672 1076 2722 et
1091 2683 1167 2722 nom.
1184 2671 1289 2740 aptum,

201 2757 299 2808 contra
323 2768 405 2808 usum
439 2753 601 2808 accusativo
624 2753 747 2826 positum
773 2753 821 2820 sit,
850 2748 886 2806 ad
912 2765 1062 2822 quamnam
1087 2769 1147 2808 rem
1170 2751 1291 2826 felicitas

201 2841 323 2910 spectet,
350 2853 406 2910 quo
422 2855 508 2893 sensu
522 2837 628 2895 undere
646 2840 762 2894 verbum
782 2834 996 2909 intelligendum
1010 2835 1061 2907 sit‘,
1090 2837 1211 2911 denique
1236 2855 1292 2910 qua

200 2923 308 2979 ratione
325 2923 396 2980 haec
414 2923 573 2996 posteriora
586 2925 675 2980 verba
689 2939 753 2981 cum
768 2923 910 2998 prioribus
923 2921 1109 2994 cohaereant,
1120 2923 1191 2981 haec
1207 2925 1291 2997 igitur

201 3009 225 3066 si
241 3009 370 3081 quaeris,
390 3009 521 3088 proiecto
541 3010 579 3066 ita
601 3007 749 3080 haerebis,
773 3016 803 3067 ut
817 3015 844 3066 te
869 3007 1005 3082 expedire
1029 3025 1163 3083 nequeas.
1210 3007 1293 3078 Quod

200 3093 429 3154 animadvertens
446 3094 556 3152 Cottius
570 3102 683 3169 ruptum
700 3097 738 3152 iri
757 3111 793 3151 ex
816 3094 977 3152 coniectura
1000 3097 1116 3152 mutavit
1137 3097 1166 3151 in
1180 3099 1293 3168 captum

199 3185 256 3252 ire,
276 3186 411 3239 actutum
427 3182 520 3239 locum
538 3182 579 3238 sic
595 3183 734 3253 explicat:
757 3193 897 3247 „vereor,
924 3193 958 3232 ne
984 3184 1048 3234 enne
1072 3181 1222 3254 capiamini
1240 3209 1292 3250 -,

200 3281 284 3340 want
305 3266 413 3323 Sullam
431 3281 534 3338 capere
551 3266 629 3332 licet,
644 3271 673 3318 et
687 3279 770 3335 mein
788 3265 850 3335 ipse
876 3260 955 3317 Sulla
980 3263 1031 3318 sibi
1054 3265 1225 3336 persuadeat
1239 3282 1292 3322 vos

202 3351 265 3421 capi
279 3354 399 3421 posse“;
421 3349 474 3404 sed
486 3350 548 3404 eius
563 3347 768 3404 emendationis
783 3353 813 3403 ut
822 3348 900 3421 prior
913 3362 982 3419 pars
991 3350 1102 3406 veritati
1117 3356 1160 3407 est
1170 3351 1293 3407 maxime

202 3437 409 3500 consentanea,
426 3433 464 3488 lta
479 3433 620 3505 posterior
633 3447 726 3505 paene
742 3435 865 3506 ineptam
885 3431 970 3488 habet
986 3437 1163 3494 sententiam.
1200 3435 1293 3504 Quare

204 3518 340 3586 Orethus,
364 3515 463 3574 relicta
484 3515 568 3574 Cortii
596 3519 722 3589 ratione,
752 3520 844 3575 locum
870 3531 972 3574 sanare
999 3520 1104 3577 studuit
1122 3519 1292 3578 scribendo:

202 3619 285 3678 quam
301 3610 414 3676 capuan
433 3604 487 3658 ire
505 3604 567 3659 ticet
579 3605 625 3675 ei,
646 3617 742 3677 quem
757 3601 993 3676 baudpudeut
1006 3610 1061 3660 mm
1075 3607 1165 3664 uideri
1174 3606 1292 3681 felicem.

203 3685 290 3745 Cuius
305 3687 512 3745 emendationis
529 3689 666 3744 sententia
682 3693 711 3744 ut
722 3694 847 3758 constet,
869 3690 957 3746 verba
978 3696 1043 3747 une
1056 3693 1207 3765 capiamini
1229 3687 1313 3750 con-'

202 3774 286 3829 traxit
312 3775 341 3830 in
366 3775 595 3847 antecupiumini,
623 3779 651 3828 et
676 3773 714 3829 ita
738 3777 884 3831 obliterata
911 3778 1042 3848 tempusa
1063 3778 1191 3846 notione,
1222 3793 1294 3848 quae

202 3859 349 3932 particulis
363 3864 428 3914 unte
444 3888 486 3898 -
499 3873 584 3931 mum
600 3861 808 3931 continebatur,
830 3876 914 3932 utum
931 3868 995 3916 ante
1011 3867 1124 3935 ruptum
1143 3864 1204 3921 vult
1223 3865 1294 3919 rela-

203 3946 291 4002 tivum
306 3961 371 4000 esse
388 3941 425 3999 sd
441 3943 597 4000 mcormbm
610 3949 756 4018 spectans,
768 3957 873 4020 rapere
887 3949 978 4000 autem
994 3947 1118 4020 explicet
1127 3949 1294 4021 opprimere,

205 4030 306 4084 collato
320 4029 402 4085 Liuio
416 4029 471 4099 vt,
488 4034 539 4098 23,
556 4033 582 4087 5·
625 4029 680 4100 Qui
699 4027 989 4087 adueniens'custre
1010 4033 1186 4106 urbesque
1202 4036 1295 4107 primo

204 4117 306 4188 impetu
319 4128 453 4187 rapere
465 4117 501 4172 sit
513 4115 615 4172 sonus.
660 4115 719 4173 Sed
740 4114 795 4172 hoc
814 4115 945 4188 exemplo
968 4117 1036 4173 nihil
1056 4121 1206 4190 probatur;
1230 4136 1295 4174 narn

154 4207 156 4212 '
206 4201 230 4255 si
244 4213 315 4256 vera
329 4205 373 4256 est
386 4201 482 4270 lectio,
497 4213 603 4274 rapere
616 4217 681 4257 cum
695 4201 790 4258 verbis
805 4204 901 4275 mnino
915 4204 1017 4276 impetu
1032 4205 1210 4260 coniunctum
1228 4206 1296 4260 cele·

205 4286 314 4346 mum
328 4284 472 4363 designat,
488 4285 589 4343 utiam
605 4279 853 4345 Drakenborchius
870 4293 946 4344 recte
964 4287 1116 4360 indicavit;
1131 4305 1204 4362 quae
1221 4292 1295 4346 cele·
