3098 4970
477 363 725 424 rusroutanun
746 364 980 426 FRAGMENTA.
1024 365 1090 423 LlB.
1110 367 1143 423 ΙΙ.
1245 435 1247 440 .
1293 359 1353 426 151

268 551 425 642 quaestor
443 549 476 620 in
496 572 617 620 novam
639 550 843 644 provinciam
857 548 1005 622 Curenas
1027 551 1149 622 missus
1170 554 1238 638 est,
1264 552 1353 645 quod

268 696 323 760 ea,
351 673 471 746 mortui
494 673 585 766 regis
600 671 741 764 Apionis
760 674 956 746 testamento
984 676 1080 748 nobis
1095 676 1187 764 data,
1205 678 1354 768 pruden-

268 868 426 955 σπαράττει
446 868 498 935 τὸν
512 866 668 955 Κράσσον,
694 862 770 934 dett
788 873 926 954 παρίησι,
949 870 1053 956 χόρτον
1072 866 1164 938 αὐτὸν
1184 875 1259 956 ἔχειν
1280 875 1354 956 φησὶ

267 957 315 1020 ἐπὶ
336 963 388 1022 τοῦ
411 958 542 1041 κέρατος.
574 964 621 1022 Ad
639 963 764 1020 Sallustii
779 966 870 1020 locum
891 967 1015 1036 respexit
1030 966 1144 1034 Quintil.
1159 966 1220 1035 ΙΙΙΙ,
1236 971 1262 1034 9,
1277 970 1304 1026 9.
1328 974 1355 1022 et

268 1050 457 1121 Hieronymus
473 1050 524 1120 Ep.
541 1049 578 1106 ad
592 1049 729 1120 August,
760 1055 877 1119 uterque
893 1049 1016 1120 Appium
1040 1053 1191 1108 verborum
1211 1058 1353 1108 auctorem

267 1134 404 1203 laudans3
429 1135 590 1192 Lactantius
614 1149 684 1192 vero
698 1134 765 1189 lnst.
783 1133 841 1190 div.
858 1134 905 1202 Vl,
917 1138 960 1203 18,
975 1141 1018 1195 26.
1039 1135 1139 1192 eadem
1159 1135 1195 1192 de
1219 1135 1354 1194 Cicerone

268 1218 407 1276 adlubens
429 1220 588 1284 accuratius
611 1216 691 1276 addit
710 1220 781 1276 sicut
802 1217 947 1275 &luscus
970 1221 1006 1275 alr
1021 1221 1113 1294 Appen
1133 1221 1233 1276 datum
1255 1221 1354 1294 refert.

269 1303 327 1362 Sed
341 1303 460 1363 ridiculo
475 1319 570 1360 errore
584 1304 694 1376 priores
711 1302 836 1360 Sallustii
859 1303 982 1360 editores
997 1305 1196 1377 Fragmentruu
1217 1307 1258 1364 sic
1274 1307 1354 1365 exhi-

269 1390 405 1446 buerunt:
433 1387 555 1445 Cicera
579 1391 709 1446 canutam
729 1387 906 1458 facundiam,
933 1395 964 1444 ut
984 1390 1093 1460 Appius
1115 1392 1215 1462 aptat,
1245 1406 1353 1446 anar-

268 1475 355 1540 cut't‚
377 1472 510 1528 Lactantii
527 1473 619 1528 locum
635 1473 673 1528 ita
687 1473 842 1544 capientes,
859 1472 940 1542 quasi
955 1473 979 1528 is
996 1471 1160 1530 Ciceronem
1176 1475 1211 1530 ob
1226 1475 1355 1532 caninam

269 1557 465 1623 facundiama
480 1555 614 1614 Sallustio
626 1559 720 1618 notari
732 1556 848 1624 diceret,
868 1573 958 1628 neque
973 1562 1095 1616 assecuti
1111 1560 1284 1616 Lactantium
1299 1577 1355 1615 non

269 1641 334 1698 eius
347 1641 504 1698 testimonio
520 1639 557 1698 de
574 1641 709 1698 Cicerone
727 1643 780 1710 uti,
800 1640 852 1696 sed
867 1641 1017 1700 dictionem
1033 1650 1146 1711 tantum,
1166 1661 1222 1716 qua
1235 1644 1355 1704 Tullium

268 1727 426 1798 vituperat,
447 1725 611 1784 aSallustio
632 1727 763 1784 mutuari.
797 1728 923 1798 ineptam
938 1727 1098 1801 Fragmenti
1121 1729 1355 1785 deformationem

270 1829 326 1868 non
348 1812 537 1870 solumllouii
558 1812 709 1868 auctoritas
724 1812 883 1886 redarguit,
908 1813 985 1884 apud
1001 1831 1084 1886 quem
1104 1815 1288 1872 exercebatur
1303 1821 1355 1884 est,

268 1913 324 1952 non
338 1897 479 1964 accrescit,
502 1895 556 1952 sed
569 1897 652 1954 etiam
665 1895 738 1965 hoc,
757 1897 833 1968 quod
848 1895 992 1954 Ciceronis
1007 1915 1059 1972 per
1075 1901 1123 1956 illa
1138 1906 1265 1972 tempora
1280 1917 1355 1956 com-

268 1980 442 2038 memorandi
462 1998 555 2053 neque
578 1984 656 2038 locus
672 1983 737 2050 luit,
760 1997 866 2054 neque,
894 1983 1048 2053 siluisset,
1074 1985 1146 2042 iusta
1161 2001 1279 2054 caussa,
1304 2000 1354 2041 cur

268 2065 418 2124 Sallustius
432 2067 472 2122 illi
485 2068 615 2124 caninam
630 2067 794 2138 facundiam
809 2069 971 2127 oblectaret.

353 2153 400 2207 Fr.
419 2154 463 2210 tr.
497 2149 596 2226 [Deest
615 2151 692 2222 apud
715 2151 801 2220 Cart,
825 2151 897 2206 Gerl.
921 2151 967 2207 ed.
989 2152 1056 2208 mai.
1077 2158 1105 2207 at
1122 2153 1190 2208 min.
1213 2161 1240 2208 et
1261 2153 1354 2229 Deba]

268 2237 465 2308 Fragmentum
480 2252 582 2292 recens
603 2237 725 2292 accessit
740 2251 776 2290 ex
796 2235 861 2290 lolio
876 2237 1058 2307 palimpsesto
1076 2236 1224 2305 Toletano,
1249 2237 1354 2311 dequo

267 2339 296 2378 v.
313 2321 404 2376 Prael.
422 2351 465 2362 -
486 2321 663 2392 Palimpsesti
679 2320 845 2392 scripturam
865 2319 1266 2388 PQLENTULUSMARCELL
1280 2363 1287 2376 .
1302 2363 1308 2376 .
1325 2362 1353 2378 ..

268 2411 342 2462 recte
354 2405 488 2464 viderunt
501 2406 703 2464 Mommsenius
717 2407 815 2477 puel.
831 2410 858 2484 et
869 2405 1053 2478 Kreyssigius
1066 2407 1092 2462 io
1110 2406 1189 2463 Curis
1205 2424 1281 2464 secu.
1292 2411 1354 2479 pl.

268 2490 429 2565 significare
441 2491 660 2562 Publiusque
673 2491 804 2548 Lanatus
818 2483 975 2548 Marcell
981 2493 1074 2560 inas,
1092 2493 1229 2564 particula
1240 2495 1355 2564 copula·

268 2578 325 2635 tiva
335 2577 479 2633 indicante
491 2575 562 2632 haec
574 2592 638 2632 cum
649 2577 694 2646 iis,
711 2593 783 2648 quae
802 2575 1011 2644 interciderunt,
1029 2577 1168 2634 artissime
1180 2577 1354 2636 cohaesisse.

266 2664 350 2718 Falso
366 2662 440 2718 enim
455 2663 598 2728 Pertzius,
618 2677 703 2732 quum
724 2662 871 2722 infeliciter
887 2661 1107 2718 demonstratum
1126 2663 1226 2720 ivisset
1240 2663 1260 2718 P
1272 2679 1354 2734 para-

265 2747 368 2820 graphi
387 2764 454 2802 esse
475 2751 584 2814 notam,
612 2747 634 2814 Q
657 2748 775 2804 litteram
795 2763 847 2817 pro
863 2745 956 2813 Quirrti
972 2748 1164 2819 praenominis
1186 2748 1354 2819 compendio

267 2831 379 2899 habuit,
401 2836 613 2900 truncatamque
626 2833 795 2886 vocabulum
808 2830 977 2886 MARCELL
996 2832 1037 2888 sic
1054 2834 1210 2905 supplevit,
1234 2839 1264 2888 ut
1275 2832 1355 2889 Mar-

267 2917 329 2972 celli
345 2916 388 2988 f.,
410 2916 428 2968 i.
443 2932 469 2970 c.
490 2913 621 2970 Marcelli
629 2915 721 2985 filare,
744 2916 891 2970 scriberet.
928 2914 978 2972 Cui
999 2917 1072 2972 iacto
1093 2923 1151 2972 tum
1165 2917 1355 2973 Romanorum

268 3000 442 3056 consuetudo
459 2999 564 3064 obstat,
581 2998 628 3069 qui
642 2998 732 3052 filium
746 3004 855 3069 epatre
869 3000 1034 3070 plerumque
1050 3000 1160 3058 adiecto
1171 3005 1355 3073 praenamirae

266 3092 383 3158 patemo
409 3083 565 3155 distingunt
585 3083 635 3152 (et.
655 3083 756 3138 Fastos
777 3084 955 3152 consulares,
979 3089 1007 3138 et
1021 3084 1160 3141 Drakenb.
1181 3085 1217 3142 ad
1232 3087 1293 3143 Liv.
1307 3087 1353 3156 ΙΙΙ,

266 3177 311 3243 25,
326 3173 382 3239 3.),
405 3187 438 3226 ac
453 3170 565 3227 nonnisi
587 3169 633 3226 ubi
652 3183 800 3242 capnomea
815 3167 903 3240 patris
921 3168 1027 3224 illustre
1048 3174 1104 3238 est,
1130 3169 1234 3226 abhoc
1255 3170 1354 3226 discri-

265 3273 331 3312 men
355 3255 460 3312 ducuut
479 3255 522 3324 (v.
537 3253 689 3326 Sigcurad
705 3255 766 3311 Liv.
787 3254 835 3321 IV,
850 3256 894 3320 45,
908 3251 964 3322 5.),
989 3259 1046 3310 tum
1066 3253 1183 3310 historia
1205 3262 1353 3327 repugnat,

267 3341 406 3412 siquidem
427 3340 567 3408 Marcelli,
595 3343 642 3412 qui
667 3339 817 3410 adoptione
839 3337 867 3391 in
883 3339 1060 3394 Lentulorum
1082 3340 1216 3396 familiam
1236 3341 1354 3396 transie-

267 3432 343 3494 rant,
367 3442 424 3482 nou
446 3425 567 3495 amplius
580 3425 722 3493 Marcelli,
745 3423 797 3479 sed
811 3421 971 3480 Marceltim'
989 3423 1055 3480 dicti
1072 3430 1151 3493 sunt,
1179 3423 1286 3496 dequo
1304 3442 1354 3480 no·

268 3511 373 3568 minum
388 3509 624 3566 immutandorum
639 3524 716 3564 more
732 3525 760 3564 v.
777 3508 815 3564 ad
827 3509 871 3570 Fr.
887 3508 935 3576 lV,
950 3513 994 3566 50.

352 3595 444 3650 ecdem
482 3600 594 3650 auctare
631 3595 779 3666 quaestor)
813 3593 990 3663 Palimpsesti
1024 3594 1190 3666 scripturam
1228 3593 1353 3650 EODEM

266 3679 427 3746 ACTORE,
455 3694 537 3749 quem
556 3679 661 3734 librarii
681 3693 806 3734 errorem
827 3678 888 3734 sive
903 3679 1104 3750 negligentiam
1118 3680 1243 3736 Pertzius
1263 3696 1293 3751 p.
1310 3685 1353 3738 12.

266 3773 294 3824 et
315 3763 478 3822 Huschlrius
505 3779 534 3834 p·
554 3766 617 3822 285.
646 3763 802 3818 inconsulto
830 3768 954 3830 tuentur,
984 3763 1169 3836 Kreyssigius
1198 3762 1351 3820 Comment.

265 3871 294 3924 p.
312 3856 356 3911 19.
373 3855 449 3905 recte
468 3846 644 3915 emendavit,
667 3847 704 3902 ita
719 3853 856 3918 poscente
872 3846 1005 3918 loquendi
1020 3865 1090 3917 usu;
1118 3847 1154 3904 ci.
1171 3850 1250 3904 locos
1266 3852 1302 3904 ab
1318 3865 1352 3905 eo

267 3939 366 3994 allatos
390 3936 451 3992 Liv.
470 3931 571 4002 XXIV,
592 3936 636 4002 43,
656 3937 683 3992 9.
708 3933 753 3998 uui
781 3951 808 3988 v.
829 3932 951 3988 Gronov.
972 3931 1086 4001 XXXV,
1107 3937 1134 4002 9,
1155 3938 1183 3992 8.
1211 3933 1351 4004 XXXVII,

265 4027 310 4091 tr,
324 4029 353 4081 2.
376 4020 434 4078 Cic.
451 4021 480 4076 in
494 4019 588 4074 Pison.
603 4023 645 4086 15,
660 4023 704 4078 35.
742 4013 847 4074 Eodem
871 4023 1021 4073 auctore
1044 4018 1129 4090 igitur
1153 4017 1292 4089 significat
1307 4034 1351 4075 eo-

266 4109 327 4164 dem
348 4106 481 4164 suadente
502 4109 529 4160 et
546 4105 698 4172 annitente,
722 4105 783 4160 sive
805 4102 924 4160 οἰιαάοα
939 4117 1026 4158 maru
1046 4107 1073 4158 et
1091 4116 1188 4174 opera.
1221 4103 1290 4171 Quis
1305 4105 1351 4160 ille

268 4193 364 4261 luerit,
386 4192 558 4263 non'liquet;
581 4194 655 4245 certo
670 4189 720 4245 luit
734 4189 778 4246 vir
793 4205 913 4261 magnae
928 4189 957 4242 in
972 4192 1071 4244 senatu
1088 4188 1284 4256 auctoritatis,
1296 4190 1351 4244 lor-

268 4283 346 4337 tasse
369 4277 493 4349 Catulus,
514 4280 561 4334 aut
574 4276 722 4344 Lucullus,
743 4279 791 4332 aut
813 4275 885 4332 alins
905 4272 1088 4347 patriciorum
1104 4279 1161 4330 tum
1179 4274 1349 4345 potentium;
