3102 4956
210 355 271 422 158
571 360 599 417 C.
621 359 794 418 SALLUSTI
817 359 929 418 cntsrt
1039 423 1041 426 ,

207 550 325 619 ductos
355 569 429 618 cum
453 568 576 638 magno
597 546 738 616 tumultu
761 547 903 634 invadit,
928 548 1154 642 lugientisque
1177 552 1293 620 secuta

209 674 251 743 ad
277 671 393 744 Octavi
417 671 566 757 domum,
594 694 679 765 quae
702 673 839 764 propior
859 679 945 759 erat,
976 675 1009 744 in
1037 726 1203 744 ..........
1223 672 1291 742 lum

205 797 365 891 pervenit.
406 886 409 890 Ι
452 831 454 835 ·

208 1036 395 1092 MINUADlT.
412 1067 453 1076 -
471 1035 626 1092 Tumultnm
640 1036 706 1107 quin
722 1035 823 1092 calami
839 1038 922 1107 lapsu
942 1035 1047 1102 librarii
1062 1034 1211 1104 debeatur,
1233 1052 1290 1092 non

206 1129 249 1178 est
263 1121 389 1177 dubium.
423 1119 550 1178 Ceterum
563 1137 619 1176 non
635 1120 815 1193 cogitandum
831 1126 873 1176 est
891 1120 926 1177 de
944 1121 1091 1178 invasione
1107 1121 1203 1190 armis,
1220 1122 1289 1193 tapi-

208 1207 306 1272 dibus‚
329 1207 430 1279 tegulis
446 1209 534 1274 lacta3
555 1205 607 1262 sed
622 1208 703 1276 plebs
718 1206 849 1262 consules
867 1223 931 1261 cum
947 1203 1048 1262 ceteris
1066 1208 1104 1264 ita
1119 1207 1236 1275 invasit,
1258 1211 1288 1262 ut

206 1310 257 1348 cos
272 1292 500 1361 circumveniret,
522 1291 606 1363 globo
623 1291 696 1347 lacto
709 1296 861 1364 premeret,
886 1291 1023 1348 conviciis
1037 1293 1120 1349 minis
1134 1298 1217 1363 atque
1240 1305 1289 1346 ex-

207 1377 410 1434 secrationibus
440 1378 637 1445 insectaretur,
666 1377 730 1439 eliis
755 1376 883 1441 omnibus
907 1381 1036 1446 terreret,
1065 1393 1138 1450 quae
1168 1377 1210 1432 ira
1226 1375 1289 1434 fieri

206 1467 289 1530 amat,
306 1478 461 1533 parumque
476 1465 602 1530 abesset,
625 1462 692 1532 quin
705 1477 806 1517 manus
823 1461 877 1516 illis
893 1461 1035 1528 iniiceret;
1057 1464 1094 1516 ct.
1108 1461 1143 1516 de
1157 1462 1240 1518 simili
1257 1477 1287 1516 re

204 1547 265 1618 lug.
281 1564 305 1603 c.
321 1546 448 1615 XXXIV,
464 1555 489 1606 1.
525 1546 664 1602 Incedere
678 1547 762 1618 igitur
779 1562 862 1616 quum
881 1546 1006 1602 absolute
1017 1548 1141 1617 positum
1155 1548 1199 1614 sit,
1215 1548 1288 1602 mate

205 1631 367 1688 Huschkius
390 1632 465 1702 apud
488 1632 637 1703 Kreyssig.
653 1631 741 1701 Epist.
757 1648 785 1702 p.
800 1635 853 1698 18..
877 1630 1010 1686 seductus
1032 1631 1066 1686 llll
1078 1632 1167 1687 littera
1183 1631 1287 1686 librarii

205 1717 378 1788 negligentia
388 1718 500 1772 tumultu
514 1716 580 1770 voci
596 1715 716 1784 adiecta,
733 1714 911 1772 scribendum
924 1716 1044 1773 coniecit
1057 1717 1171 1779 mmultu
1183 1718 1287 1772 minis

202 1801 316 1858 deradit.
876 1821 879 1826 Δ

290 1885 485 1958 sapientesque)
507 1885 538 1939 In
556 1883 686 1954 Palimps.
701 1888 744 1938 est
757 1883 887 1939 FUGlEN
905 1923 912 1937 .
934 1923 941 1938 .
959 1923 967 1940 .
983 1885 1015 1954 Q.
1044 1886 1145 1941 Pertzii
1161 1901 1285 1940 errorem

204 1969 406 2042 sapientemque
428 1969 583 2042 supplentis
607 1969 728 2023 correxit
743 1969 944 2040 Kreyssigius;
972 1971 1076 2040 pariter
1096 1971 1170 2026 enim
1192 1977 1221 2026 ut
1236 1971 1285 2026 de·

205 2055 299 2110 daus
314 2055 369 2111 hoc
384 2071 494 2126 quoquc
509 2053 687 2125 perticipium
701 2052 738 2107 ad
752 2070 866 2121 omnes,
889 2054 935 2124 qui
952 2069 1038 2124 supra
1061 2055 1195 2112 nominati
1211 2062 1284 2122 sunt,

204 2141 334 2212 pertinet.
349 2171 389 2178 —
407 2139 501 2196 Octavi
516 2139 624 2194 domum
638 2138 725 2194 luisse
741 2153 813 2206 eam,
829 2153 901 2209 quae
915 2145 1016 2209 postea
1034 2138 1134 2196 Scauri
1150 2141 1210 2208 luit,
1225 2157 1283 2196 ma-

204 2225 365 2297 gnificentia
377 2241 429 2280 sua
444 2225 568 2292 illustris,
587 2223 770 2295 Kreyssigius
786 2222 813 2276 in
831 2221 1013 2279 commentat.
1028 2235 1056 2294 p,
1068 2227 1113 2284 28.
1137 2226 1206 2280 satis
1221 2242 1285 2296 prc-

203 2312 331 2366 babiliter
358 2311 526 2381 suspicatur.
568 2308 608 2364 De
625 2308 686 2364 eius
708 2308 762 2363 situ
776 2309 812 2364 ct.
828 2307 934 2367 Asson.
951 2308 988 2364 ed
1003 2307 1061 2366 Cic.
1079 2326 1121 2364 or.
1137 2328 1167 2382 p.
1184 2309 1284 2372 Scaur.

202 2412 231 2465 p.
239 2398 283 2454 at.
300 2395 385 2452 Orett.
407 2394 618 2450 demonstrasse
635 2393 708 2449 nobie
722 2395 831 2448 remini
841 2407 892 2461 ree,
907 2392 981 2452 tanc
991 2394 1099 2450 domum
1113 2397 1142 2450 in
1156 2410 1189 2451 ea
1198 2400 1285 2468 perte

203 2479 393 2548 Polaticus,
415 2493 501 2550 ptrue,
527 2494 626 2549 quum
645 2478 811 2532 obsecra
831 2479 886 2532 oia
904 2469 1150 2550 descenderis,
1173 2487 1205 2535 et
1213 2493 1284 2552 per

199 2567 403 2635 proximum
426 2565 555 2632 vicum,
579 2564 707 2633 quiesi
723 2562 763 2617 ab
778 2563 950 2632 sinistra,
966 2563 1169 2636 prodieris,
1188 2567 1282 2637 posita

204 2654 252 2704 eet.
297 2647 456 2704 Aedificata
477 2645 557 2702 aCn.
579 2644 711 2715 Octavio,
735 2662 808 2702 anno
825 2651 884 2706 165.
900 2664 924 2702 a.
947 2647 1010 2704 Chr.
1029 2663 1056 2706 n.
1075 2665 1150 2719 cos,
1172 2649 1282 2721 dequo

205 2750 231 2789 v.
247 2733 402 2789 Drumanni
416 2732 484 2787 Hist
499 2731 578 2786 Rom.
592 2731 656 2786 Vol.
669 2731 719 2786 lV.
733 2749 762 2802 p.
774 2737 824 2790 221
845 2748 915 2802 sqq„
937 2732 1014 2790 haud
1030 2733 1114 2790 dubie
1125 2734 1281 2792 hereditate

202 2824 371 2890 pervenerat
394 2816 431 2872 ad
448 2817 477 2872 l..
493 2815 638 2872 Octavium
653 2823 710 2872 tum
726 2818 881 2878 consulem.

287 2917 358 2976 pirae
380 2903 500 2974 propior
526 2901 600 2969 erat)
620 2901 752 2974 Palimps.
773 2909 903 2974 corrupte
932 2901 1281 2973 Q.PROPRIOREERAT;

202 2987 254 3044 sed
269 3004 326 3043 non
337 2988 436 3044 melior
450 2987 597 3058 scriptura,
616 3003 698 3058 quam
716 2987 840 3044 Pertzius
855 2987 921 3044 inde
933 2988 1028 3044 elicuit
1040 2990 1089 3060 qui
1097 2994 1283 3060 propraetore

201 3081 270 3145 eret,
285 3079 361 3136 ratus
379 3074 417 3127 ita
433 3072 542 3128 Octavii
556 3088 707 3143 personam
723 3073 882 3140 accuratius
900 3071 1019 3128 definiri.
1041 3073 1113 3128 Nam
1127 3079 1157 3128 ut
1172 3081 1281 3130 taccam

200 3160 338 3230 praetoris
353 3159 521 3214 vocabulum
540 3174 683 3228 nunqnam
698 3156 866 3228 compendio
883 3156 952 3212 PRT
966 3159 1065 3226 scribi,
1081 3159 1144 3229 quis
1157 3173 1280 3230 unquam

200 3245 390 3316 propraetoris
408 3244 437 3298 in
451 3244 519 3299 urbe
531 3242 621 3297 Roma
636 3247 731 3313 partes
747 3241 835 3296 tuisse
852 3239 981 3298 audivit?
1000 3243 1049 3298 His
1064 3244 1163 3300 Pcrtzii
1178 3246 1280 3301 errori·

200 3331 252 3385 bus
275 3329 420 3400 castigatis
434 3327 617 3398 Kreyssigius
638 3327 669 3386 in
684 3320 837 3380 Comment.
860 3342 889 3396 p.
905 3329 947 3386 29.
975 3327 1099 3384 feliciore
1118 3330 1279 3385 coniectura

200 3415 292 3468 locum
307 3413 508 3480 sanavitrectc
518 3408 822 3482 essecutusononqut
836 3409 887 3466 sed
901 3412 981 3483 quei.
993 3427 1094 3484 space
1109 3412 1279 3486 significare,

194 3497 348 3569 propriore
365 3501 457 3552 autem
473 3494 578 3566 duplici
594 3493 768 3550 dormitantis
783 3496 892 3551 scribae
907 3498 994 3552 errori
1005 3497 1110 3568 deberi,
1125 3499 1195 3554 alias
1211 3515 1280 3571 quo-

202 3597 255 3653 que
264 3580 350 3636 obvio
358 3595 366 3648 ;
382 3582 420 3636 ita
429 3580 503 3636 enirn
517 3595 656 3650 peccasse
671 3579 810 3636 interdum
824 3581 962 3650 librarios,
975 3588 1004 3638 ut
1016 3583 1149 3640 initialem
1156 3584 1278 3656 proximi

200 3666 331 3721 vocabuli
361 3666 479 3720 litteram
500 3664 681 3735 praecedenti
697 3663 867 3734 adiicerent,
883 3666 976 3724 multis
991 3670 1127 3740 exemplis
1148 3670 1278 3742 probavit

199 3750 411 3806 Drakenborch.
433 3748 470 3804 ad
484 3748 545 3804 liv.
564 3748 626 3818 XL,
644 3750 669 3817 7,
686 3754 704 3808 8
711 3765 719 3819 ;
736 3753 857 3823 propior
878 3768 947 3807 vcro
967 3757 1050 3825 atque
1066 3757 1188 3828 propius
1201 3754 1278 3813 haud

199 3851 264 3891 raro
277 3839 438 3905 corruptum
455 3848 521 3888 esse
542 3833 570 3888 in
584 3837 723 3907 proprior
739 3841 766 3890 ct
780 3838 918 3908 proprius
933 3837 1118 3911 Kreyssigius
1143 3843 1163 3896 t.
1188 3842 1207 3896 l.
1230 3840 1279 3896 dc·

199 3919 369 3987 monstravit,
387 3919 492 3989 aliquot
509 3920 646 3990 exemplis
662 3936 698 3974 cx
709 3920 781 3976 Livii
796 3920 879 3977 codd.
893 3922 997 3993 petitis.
1032 3923 1221 3996 comparativi
1235 3942 1280 3982 ra-

199 4004 251 4071 tio,
274 4003 304 4058 id
326 4003 402 4075 quod
424 4004 646 4074 Heerwagenius
668 4010 743 4060 recte
761 4005 832 4061 vidit
852 4008 881 4062 in
901 4007 1060 4081 Kreyssigii
1077 4009 1167 4082 Epist.
1183 4028 1213 4083 p.
1233 4017 1278 4080 ao,

199 4104 232 4144 eo
248 4093 367 4156 constat,
383 4088 458 4160 quod
471 4087 579 4146 Octavii
595 4089 695 4146 domus
710 4107 774 4146 cum
786 4090 880 4148 Cottae
894 4100 1081 4165 eomparatur,
1098 4111 1171 4168 quae
1186 4097 1279 4152 miuus

196 4178 256 4228 erat
268 4173 425 4244 propinqua
440 4172 618 4246 fugientibus.

281 4259 311 4314 tn
338 4295 499 4314 .....
528 4258 584 4314 mm
599 4261 741 4332 pervenit)
768 4259 859 4330 ouum
877 4267 989 4333 praeter
1009 4261 1063 4322 bas
1081 4264 1189 4324 litteras
1209 4265 1279 4321 nihil
