3096 4962
215 375 240 416 x
503 356 669 416 EDITORIS
692 355 868 414 EPISTOLA
891 355 1036 414 CRITICA

211 544 386 620 exemplum
412 538 507 618 lapidi
534 537 732 618 inscriptum,
761 540 847 618 quod
875 538 905 602 in
934 540 996 602 line
1016 538 1107 602 huius
1131 540 1199 604 libri
1222 543 1355 620 exhibui,

211 649 287 708 baec
324 645 404 721 Tibi,
440 643 765 719 miWuestemanne,
798 644 899 706 habeo
916 680 918 686 ·
934 645 1098 706 narranda.
1151 646 1353 716 Continentur

211 752 261 812 1113
288 751 412 814 duobus
437 744 517 810 loliis
544 747 681 822 formae,
716 764 796 824 quae
826 747 949 822 dicitur,
985 753 1130 824 quartae,
1169 767 1230 810 non
1259 753 1353 816 modo

211 851 466 924 cohaerentibus,
495 848 554 910 sed
586 848 678 910 etiarn
702 851 800 910 verba
830 849 969 912 auctoris
995 850 1141 914 continua
1163 851 1244 917 serie
1264 871 1350 929 prae·

210 955 370 1031 13311133,
402 972 464 1032 333
493 951 671 1030 intelligitur
698 970 761 1014 non
783 951 844 1013 alia
871 951 944 1015 lolia
969 950 1006 1014 iis
1033 952 1131 1018 fuisse
1157 955 1351 1037 interposita,

210 1062 267 1122 sed
282 1058 431 1136 ,medium
459 1075 497 1120 ee
524 1056 553 1118 in
585 1053 789 1134 quaternione
818 1053 965 1120 habuisse
994 1058 1112 1132 locum,
1148 1067 1184 1122 ut
1211 1058 1349 1136 ostendit

211 1164 288 1226 haec
309 1160 494 1240 descriptio:

221 1276 224 1281 ’
266 1278 307 1314 ,·
426 1343 428 1347 ,
481 1281 636 1342 AaBaCe
669 1280 713 1339 113
835 1278 881 1342 Db
910 1279 1067 1342 CbBbAb

208 1582 380 1660 Utrumque
404 1579 512 1644 lolium
538 1579 681 1656 (113111)
706 1576 738 1638 in
767 1575 898 1654 singrdis
914 1533 1047 1656 ¹paginis
1070 1579 1149 1642 drras
1177 1581 1270 1644 habet
1298 1597 1351 1644 33

114 1697 116 1701 ’
208 1686 346 1757 lomnes,
382 1681 511 1746 vicenos
538 1698 651 1746 versus
690 1679 885 1744 continentes
917 1681 1025 1746 litteris
1060 1681 1238 1753 maiusculis
1272 1686 1349 1763 opti·

208 1785 276 1848 mis.
300 1791 464 1867 exaratos,
490 1805 625 1863 quorum
656 1804 794 1850 summus
821 1785 936 1863 ubique
960 1785 1101 1860 evanuit3
1131 1792 1274 1848 neutrum
1304 1793 1347 1853 13,

208 1907 279 1952 men
307 1888 460 1967 integrum
488 1897 552 1964 331,
581 1890 639 1953 sed
661 1888 748 1954 vario
777 1890 872 1952 modo
896 1890 1078 1956 mutilatum.
1123 1887 1239 1952 Prioris
1266 1889 1347 1952 enim

208 1994 281 2066 (Da)
307 1991 465 2056 dexterior
492 2011 566 2072 pars
596 1993 638 2058 ita
668 1990 823 2066 abscissa,
853 1999 903 2066 ut,
935 2011 1028 2072 quum
1057 1990 1186 2054 latitudo
1215 1992 1348 2058 laciniae

209 2095 432 2159 descendendo
460 2106 635 2175 cresceret,
663 2099 696 2162 in
727 2117 849 2162 summa
881 2097 994 2178 pagina
1026 2112 1146 2173 paucae
1175 2097 1270 2158 modo
1301 2095 1347 2160 lit-

211 2207 294 2262 terae
314 2198 432 2275 desint,
456 2200 487 2264 in
509 2201 571 2264 irna
593 2221 712 2280 paucae
735 2201 904 2281 supersint.
949 2197 1041 2262 ltain
1073 2196 1206 2276 paginae
1229 2198 1347 2276 primae

209 2305 352 2369 columna
373 2305 513 2367 secunda
535 2323 680 2369 versuum
701 2307 796 2381 fines,
819 2305 849 2368 in
873 2305 1006 2385 paginae
1023 2301 1182 2364 secundae
1203 2305 1348 2366 columna

208 2405 307 2484 prima
319 2425 465 2470 versuum
482 2406 567 2470 initia
586 2425 696 2472 manca
718 2416 792 2472 sunt
812 2405 888 2470 etin
905 2407 965 2470 ima
984 2415 1073 2486 parte
1087 2406 1130 2468 113
1145 2406 1290 2483 mutilate,
1312 2414 1346 2470 ut

209 2508 329 2572 restitui
351 2527 413 2574 non
434 2509 568 2588 possint.
613 2510 774 2576 Posterius
801 2510 908 2574 lolium
926 2511 1003 2585 (Db)
1029 2508 1077 2571 bis
1095 2507 1264 2572 scissuram
1287 2528 1348 2574 ex«

144 2637 151 2652 ·
207 2619 330 2690 pentum
367 2619 432 2693 est,
464 2611 588 2688 lacinia,
619 2632 700 2691 quae
724 2612 888 2676 duodecim
921 2614 987 2676 fere
1011 2611 1180 2677 litterarum
1209 2613 1344 2690 spatium

207 2717 441 2794 aequabatur
463 2715 566 2778 media
594 2719 738 2779 columna
767 2716 873 2794 quinta
895 2713 1046 2778 exscissi.
1091 2716 1125 2774 ln
1145 2715 1226 2777 duas
1252 2716 1343 2793 igitur

207 2824 313 2896 partes
332 2815 407 2880 abiit
426 2818 488 2881 hoc
512 2817 633 2894 lolium,
658 2837 788 2897 quarum
809 2818 922 2896 prima,
942 2815 1040 2895 priori
1060 2816 1134 2880 lolio
1154 2819 1342 2896 adhaerens,

209 2925 330 2983 constat
351 2917 444 2984 initiis
459 2935 609 2983 versuum
631 2925 793 2986 columnae
817 2922 941 3000 quintae
962 2919 993 2982 in
1012 2919 1124 2998 pagine
1140 2923 1288 2998 adversa,
1312 2930 1343 2986 et

208 3023 321 3086 finibus
350 3039 498 3086 versuum
532 3027 695 3090 columnae
724 3035 854 3091 octavae
884 3024 916 3088 in
944 3022 1058 3102 pagina
1077 3041 1204 3099 aversa;
1246 3029 1344 3094 attera

207 3126 301 3188 babet
322 3132 478 3190 extremas
501 3128 800 3194 litteras'columnae
822 3128 948 3205 quintae
969 3143 1040 3190 curn
1056 3125 1176 3202 integra
1198 3130 1343 3193 columna

207 3237 298 3292 sexta
314 3227 345 3292 in
364 3231 479 3308 pagina
499 3233 649 3312 adversa,
674 3241 705 3296 31
721 3230 1067 3308 integramcolumnam
1085 3228 1248 3306 septimam
1271 3251 1341 3296 cum

208 3331 315 3410 primis
351 3331 462 3396 litteris
497 3337 660 3398 columnae
693 3341 824 3398 octavae
856 3332 886 3394 in
920 3331 1033 3410 pagina
1066 3350 1188 3396 aversa
1233 3336 1267 3396 In
1288 3335 1341 3398 tali

207 3435 464 3511 Fragmentorum
484 3435 671 3500 condicione
692 3455 787 3514 quum
808 3453 865 3514 per
887 3452 923 3499 se
944 3433 1066 3496 minime
1089 3443 1262 3511 constaret,
1289 3439 1340 3500 ab

210 3536 405 3615 scissapars
425 3539 489 3604 lolii
511 3539 640 3604 secundi
658 3539 781 3602 adhoc
803 3537 919 3616 ipsum,
949 3554 988 3600 an
1010 3538 1050 3600 ad
1073 3537 1155 3602 aliud
1176 3541 1341 3618 pertinuis-

104 3703 117 3714 „
208 3646 272 3712 331,
301 3640 504 3719 Kreyssigius
534 3641 662 3706 feliciter
687 3643 855 3704 observato
883 3648 949 3704 tum
970 3641 1095 3718 quintae
1120 3651 1186 3707 tum
1208 3652 1344 3708 3313333

209 3743 372 3804 columnae
395 3744 503 3810 finales
522 3761 670 3808 versuum
693 3744 830 3822 syllabas
849 3760 919 3806 cum
939 3743 1030 3807 initiis
1052 3744 1248 3822 sequentium
1273 3762 1339 3806 ver·

208 3865 300 3912 suum
319 3849 350 3911 in
367 3849 452 3914 iusta
468 3849 622 3911 vocabule
640 3847 734 3922 coire;
755 3845 787 3909 id
802 3847 888 3924 quod
905 3854 1016 3924 postea
1037 3845 1230 3910 accuratiore
1251 3845 1341 3909 lotio-

207 3968 275 4012 rum
304 3952 470 4016 collatione
495 3951 608 4014 elarius
634 3950 725 4015 etiam
742 3948 867 4029 patuit,
897 3957 994 4013 totam
1015 3951 1095 4010 hanc
1123 3945 1343 4024 quaestionem

207 4052 248 4114 ad
271 4052 421 4130 liquidum
443 4053 597 4132 perduxit.
642 4056 710 4118 Non
731 4053 835 4117 minus
865 4051 942 4114 scite
963 4051 1059 4123 idem,
1088 4066 1182 4126 quum
1203 4054 1234 4108 et
1256 4045 1338 4123 prio-

207 4172 258 4216 res
287 4155 425 4220 editores
451 4158 491 4218 de
530 4154 638 4218 ordine
666 4157 921 4233 Fragmentorum
949 4171 1080 4231 prorsus
1107 4148 1337 4228 caecutbssent,

210 4264 241 4319 31
267 4260 317 4318 vel
343 4257 373 4320 in
402 4257 558 4322 Niebubrii
588 4258 769 4336 apographo
796 4254 947 4319 incertum
969 4261 1069 4329 esset,
1104 4260 1207 4316 utrum
1234 4250 1265 4310 id
1293 4253 1337 4312 lo-

206 4359 296 4434 lium,
323 4362 409 4438 quod
434 4369 580 4439 quattuor
597 4359 755 4438 pleniores
777 4361 938 4422 columnas
962 4355 1112 4430 continet,
1134 4354 1339 4433 praecederet
1420 4365 1421 4370 ’
